
@article{fick_posterite_2009,
	title = {La postérité des mythes grecs : {Actéon} chez {Ovide} et {Apulée}},
	copyright = {https://creativecommons.org/licenses/by-nc-nd/4.0/},
	issn = {0031-0387},
	shorttitle = {La postérité des mythes grecs},
	url = {https://journals.openedition.org/pallas/6679},
	doi = {10.4000/pallas.6679},
	abstract = {Recensé, dans la Bibliothèque d’Apollodore, parmi les mythes fondateurs, l’histoire d’Actéon, le chasseur trop curieux, a connu, chez les Latins, grâce à Ovide, une fortune particulièrement féconde. Au IIe siècle, reprenant le thème dans ses Métamorphoses, Apulée fait sienne l’esthétique ovidienne du mouvement perpétuel, de la fragilité des apparences, mais en gauchit quelque peu la signification en l’orientant vers une mystique de la Beauté. Associant esthétique classique et héritage ovidien, il fait du reflet d’Actéon dans l’eau de la source le révélateur du sacrilège. L’art saisit ainsi la globalité du Réel en conjuguant la perception directe et son reflet, faisant par là même émerger le Vrai, c’est-à-dire la Beauté, dans la ligne la plus idéaliste du platonisme.},
	language = {fr},
	number = {81},
	urldate = {2023-10-22},
	journal = {Pallas. Revue d'études antiques},
	author = {Fick, Nicole},
	month = dec,
	year = {2009},
	note = {ISBN: 9782810700684
Number: 81
Publisher: Presses universitaires du Mirail},
	keywords = {beauté, imaginaire, maiestas, miroir, notion, reflet, sensible, veritas},
	pages = {169--178},
	file = {Full Text PDF:/Users/axelle/Zotero/storage/HBJGUT98/Fick - 2009 - La postérité des mythes grecs  Actéon chez Ovide .pdf:application/pdf},
}

@article{viarre_stephen_1989,
	title = {Stephen {Hinds}, {The} {Metamorphosis} of {Persephone}, {Ovid} and the self-conscious {Muse}},
	volume = {58},
	copyright = {free},
	url = {https://www.persee.fr/doc/antiq_0770-2817_1989_num_58_1_2274_t1_0339_0000_1},
	language = {fre},
	number = {1},
	urldate = {2023-10-22},
	journal = {L'Antiquité Classique},
	author = {Viarre, Simone},
	year = {1989},
	note = {Publisher: Persée - Portail des revues scientifiques en SHS},
	keywords = {notion},
	pages = {339--340},
}

@article{noauthor_femme_2001,
	title = {La femme dans les {Métamorphoses} d’{Apulée} : une descente dans l'animalité ?},
	volume = {33-34},
	shorttitle = {La femme dans les {Métamorphoses} d’{Apulée}},
	url = {https://sciencepress.mnhn.fr/fr/periodiques/anthropozoologica/33-34/la-femme-dans-les-metamorphoses-d-apulee-une-descente-dans-l-animalite},
	abstract = {Les Métamorphoses d\&\#39;Apulée formulent un véritable questionnement sur la condition humaine qui porte en particulier sur la place que doit occuper l\&\#39;être humain par rapport à l\&\#39;animal et à la divinité dans l\&\#39;univers. La réflexion sur la notion d\&\#39;animalité dans le comportement humain se développe à la fois dans la narration principale, par la métamorphose du héros-narrateur Lucius en âne, et dans la plupart des récits métadiégétiques où la relation amoureuse est en jeu et où la femme acquiert un statut de puissance funeste. Ce n\&\#39;est pas par l\&\#39;emploi d\&\#39;un champ lexical concernant l\&\#39;animal, mais par le recours à des mythes que le rapport entre la femme et l\&\#39;animal se met en place. En encadrant la métamorphose de Lucius en âne par le mythe de Diane et d\&\#39;Actéon et par le mythe de Psyché et de Cupidon, Apulée pressent et exploite l\&\#39;existence du lien entre violence, mort et sexualité, et fait d\&\#39;un certain type de personnage féminin - la magicienne - le symbole de l\&\#39;instinct incontrôlé qui entraîne fatalement les hommes à leur perte en les tirant vers la sphère de l\&\#39;animalité. De même qu\&\#39;Actéon, dans son désir coupable de voyeur, est transformé en l\&\#39;animal qu\&\#39;il portait déjà en lui, de même Lucius est métamorphosé en l\&\#39;animal priapique par excellence et devient l\&\#39;objet du désir féminin. Refusant de s\&\#39;accoupler avec une femme dans l\&\#39;amphithéâtre de Corinthe, il finit par refuser la confusion de l\&\#39;humain et de l\&\#39;animal - comble de l\&\#39;infamie -, et choisit de secouer le joug de sa condition servile d\&\#39;animal et de reconquérir la pleine souveraineté de soi sur soi. Mais cette chute dans l\&\#39;animalité a été nécessaire pour lui permettre de s\&\#39;élever vers la sphère du divin et d\&\#39;embrasser à la fin de l\&\#39;oeuvre la religion isiaque. Apulée se situe encore dans la lignée de la philosophie platonicienne en plaçant le héros face à lui-même et à la recherche de sa vérité qui passe par une différenciation entre l\&\#39;humain et l\&\#39;animal.},
	language = {fr},
	urldate = {2023-10-22},
	journal = {Anthropozoologica},
	year = {2001},
	keywords = {notion},
	pages = {85--92},
	file = {Snapshot:/Users/axelle/Zotero/storage/YKKR892L/la-femme-dans-les-metamorphoses-d-apulee-une-descente-dans-l-animalite.html:text/html},
}

@book{levi_revelation_2014,
	address = {Paris, France},
	title = {La révélation finale à {Rome}: {Cicéron}, {Ovide}, {Apulée}},
	isbn = {978-2-84050-945-5},
	shorttitle = {La révélation finale à {Rome}},
	language = {français},
	publisher = {PUPS},
	author = {Lévi, Nicolas},
	year = {2014},
	note = {ISSN: 1954-0876
Type: Texte remanié de},
	keywords = {Apulée (0125?-0180?). Métamorphoses, Cicéron (0106-0043 av. J.-C.). De la république. Songe de Scipion, Fin (littérature), Littérature latine -- Thèmes, motifs, notion, Ovide (0043 av. J.-C.-0017). Les métamorphoses, Révélation -- Dans la littérature},
	file = {Library Catalog Entry Snapshot:/Users/axelle/Zotero/storage/5NHGHLGU/SRCH.html:text/html},
}

@book{hinds_metamorphosis_1987,
	title = {The {Metamorphosis} of {Persephone}: {Ovid} and the {Self}-conscious {Muse}},
	isbn = {978-0-521-33506-5},
	shorttitle = {The {Metamorphosis} of {Persephone}},
	abstract = {Ovid, a poet unashamedly in love in poetry, including his own, has enjoyed a recent renaissance in popularity. Yet there is still a certain tendency amongst critics to withhold from his writing the close, word-by-word, engagement which is its due. The primary aim of The Metamorphosis of Persephone is to celebrate this poet's detailed verbal art. Ovid twice treated the myth of Persephone. Dr Hinds' work is a close reading of the account in Metamorphoses 5. The book is at once a literary historical enquiry into the double transformation of the rape of Persephone, and a critical exploration of the self-conscious delight in language and in writing manifested in and between these twin Ovidian narratives. This attractively written and subtly nuanced literary study, which offers many quiet challenges to established modes of reading Latin narrative poetry, will be of interest both to scholars of Latin and to students of narrative in other languages.},
	language = {en},
	publisher = {Cambridge University Press},
	author = {Hinds, Stephen},
	month = sep,
	year = {1987},
	note = {Google-Books-ID: o2o4ZiyIjmAC},
	keywords = {History / Ancient / General, Language Arts \& Disciplines / General, Literary Criticism / Ancient \& Classical, notion},
}

@book{noauthor_metamorphose_2010,
	title = {La métamorphose dans les {Métamorphoses} d'{Ovide} - {Hélène} {Vial}},
	isbn = {978-2-251-32879-9},
	url = {https://www.lesbelleslettres.com/livre/9782251328799/la-metamorphose-dans-les-metamorphoses-d-ovide},
	abstract = {Telle la facies non omnibus una, non diuersa tamen des Néréides (Mét., II, 13-14), l'écriture poétique des passages consacrés par Ovide à la métamorphose dans...},
	language = {fr-FR},
	urldate = {2023-10-22},
	month = jun,
	year = {2010},
	keywords = {notion},
	file = {Snapshot:/Users/axelle/Zotero/storage/EWATXG5T/la-metamorphose-dans-les-metamorphoses-d-ovide.html:text/html},
}

@book{vial_metamorphose_2021,
	address = {Paris},
	series = {Études {Anciennes}},
	title = {La métamorphose dans les {Métamorphoses} d’{Ovide} : Étude sur l’art de la variation},
	copyright = {https://www.openedition.org/12554},
	isbn = {978-2-251-91466-4},
	shorttitle = {La métamorphose dans les {Métamorphoses} d’{Ovide}},
	url = {http://books.openedition.org/lesbelleslettres/9234},
	abstract = {Telle la facies non omnibus una, non diuersa tamen des Néréides (Mét., II, 13-14), l’écriture poétique des passages consacrés par Ovide à la métamorphose dans les Métamorphoses se caractérise par un équilibre subtil entre similitudes et dissemblances : ce qui semble devoir être toujours le même récit (celui du miracle de la transformation des corps, sujet unique et total annoncé dès les premiers vers et vertigineusement décliné jusqu’au uiuam final) n’est pourtant jamais semblable, tant l’art de la variation déploie de ressources, transformant chaque nouvelle évocation de la mutata forma en une expérience d’écriture et de lecture absolument singulière. C’est sur ces deux réalités poétiques jumelles, la métamorphose et la variatio, que porte la présente étude, attachée tout à la fois à en décrire les ressorts respectifs, à définir la nature du lien organique qui, au fil des vers, se noue entre elles et à analyser le rapport entre cette alliance et la conception ovidienne de l’écriture.},
	language = {fr},
	urldate = {2023-10-22},
	publisher = {Les Belles Lettres},
	author = {Vial, Hélène},
	month = mar,
	year = {2021},
	doi = {10.4000/books.lesbelleslettres.9234},
	note = {Code: La métamorphose dans les Métamorphoses d’Ovide : Étude sur l’art de la variation
Publication Title: La métamorphose dans les Métamorphoses d’Ovide : Étude sur l’art de la variation
Reporter: La métamorphose dans les Métamorphoses d’Ovide : Étude sur l’art de la variation
Series Title: Études Anciennes},
	keywords = {allégorie, animaux, divinités, interprétation, légende des origines, mythologie, notion},
}

@article{harrison_ovids_1996,
	title = {Ovid's {Causes} - {K}. {S}. {Myers}: {Ovid}'s {Causes}: {Cosmogony} and {Aetiology} in the {Metamorphoses}. {Pp}. xvi+206. {Ann} {Arbor}: {University} of {Michigan} {Press}, 1994. {Cased}, \$34.50/£26.},
	volume = {46},
	issn = {0009-840X, 1464-3561},
	shorttitle = {Ovid's {Causes} - {K}. {S}. {Myers}},
	url = {https://www.cambridge.org/core/product/identifier/S0009840X00296455/type/journal_article},
	doi = {10.1093/cr/46.1.24},
	language = {en},
	number = {1},
	urldate = {2023-10-22},
	journal = {The Classical Review},
	author = {Harrison, S. J.},
	month = apr,
	year = {1996},
	keywords = {notion},
	pages = {24--25},
	file = {Harrison - 1996 - Ovid's Causes - K. S. Myers Ovid's Causes Cosmog.pdf:/Users/axelle/Zotero/storage/NKCEKZZT/Harrison - 1996 - Ovid's Causes - K. S. Myers Ovid's Causes Cosmog.pdf:application/pdf},
}

@article{ripoll_helene_2012,
	title = {Hélène {Vial}, {La} métamorphose dans les {Métamorphoses} d’{Ovide}. Étude sur l’art de la variation},
	copyright = {https://creativecommons.org/licenses/by-nc-nd/4.0/},
	issn = {0031-0387},
	url = {https://journals.openedition.org/pallas/2616},
	doi = {10.4000/pallas.2616},
	abstract = {Aussi paradoxal que cela puisse paraître, ce qui est le sujet central des Métamorphoses d’Ovide, le phénomène de la métamorphose elle-même, n’avait fait l’objet jusqu’ici d’aucune étude d’ensemble, mais seulement de publications dispersées sous forme d’articles ou de chapitres d’ouvrages plus généraux. H. Vial a donc eu le courage de prendre à bras-le-corps ce problème central, et de produire une étude qui ne soit pas la simple compilation des travaux antérieurs, même si la prise en compte d’...},
	language = {fr},
	number = {88},
	urldate = {2023-10-22},
	journal = {Pallas. Revue d'études antiques},
	author = {Ripoll, François},
	month = may,
	year = {2012},
	note = {ISBN: 9782810702183
Number: 88
Publisher: Presses universitaires du Mirail},
	keywords = {notion},
	pages = {248--250},
	file = {Full Text PDF:/Users/axelle/Zotero/storage/AJ9VE8T3/Ripoll - 2012 - Hélène Vial, La métamorphose dans les Métamorphose.pdf:application/pdf},
}

@article{myers_ovids_1996,
	title = {Ovid's {Causes}: {Cosmogony} and {Aetiology} in the {Metamorphoses},({Margaret} {Worsham} {Musgrove})},
	volume = {117},
	journal = {American Journal of Philology},
	author = {Myers, K. S.},
	year = {1996},
	keywords = {notion},
	pages = {338--340},
}

@article{casanova-robin_acteovidien_2002,
	title = {L'{Actéon} ovidien : un voyeur sans regard},
	volume = {61},
	copyright = {free},
	shorttitle = {L'{Actéon} ovidien},
	url = {https://www.persee.fr/doc/bude_1247-6862_2002_num_61_4_2476},
	doi = {10.3406/bude.2002.2476},
	language = {fre},
	number = {4},
	urldate = {2023-11-11},
	journal = {Bulletin de l'Association Guillaume Budé},
	author = {Casanova-Robin, Hélène},
	year = {2002},
	note = {Publisher: Persée - Portail des revues scientifiques en SHS},
	keywords = {notion},
	pages = {36--48},
}

@misc{noauthor_acteovidien_nodate,
	title = {L'{Actéon} ovidien : un voyeur sans regard - {Persée}},
	url = {https://www.persee.fr/doc/bude_1247-6862_2002_num_61_4_2476},
	urldate = {2023-11-11},
	keywords = {notion},
	file = {L'Actéon ovidien \: un voyeur sans regard - Persée:/Users/axelle/Zotero/storage/YBRGBWIG/bude_1247-6862_2002_num_61_4_2476.html:text/html},
}

@misc{noauthor_httpswwwperseefrdocaspdfvita_0042-7306_2003_num_169_1_1150pdf_nodate,
	title = {https://www.persee.fr/{docAsPDF}/vita\_0042-7306\_2003\_num\_169\_1\_1150.pdf},
	url = {https://www.persee.fr/docAsPDF/vita_0042-7306_2003_num_169_1_1150.pdf},
	urldate = {2023-11-12},
	keywords = {notion},
}

@article{casanova-robin_metamorphoses_2003,
	title = {De {Métamorphoses} en {Métamorphoses}. {Un} exemple d'intertextualité dans les {Métamorphoses} d'{Apulée}, l'évocation d'{Actéon}},
	volume = {169},
	issn = {0042-7306},
	url = {https://www.persee.fr/doc/vita_0042-7306_2003_num_169_1_1150},
	doi = {10.3406/vita.2003.1150},
	language = {fr},
	number = {1},
	urldate = {2023-11-12},
	journal = {Vita Latina},
	author = {Casanova-Robin, Hélène},
	year = {2003},
	keywords = {notion},
	pages = {83--91},
}

@phdthesis{tronchet_metamorphose_1997,
	type = {These de doctorat},
	title = {La métamorphose à l'œuvre : recherches sur la poétique d'{Ovide} dans "les {Métamorphoses}"},
	copyright = {Licence Etalab},
	shorttitle = {La métamorphose à l'œuvre},
	url = {https://www.theses.fr/1997REIML002},
	abstract = {Le projet d’Ovide, en écrivant les Métamorphoses, était d'agencer en un récit continu une foule d'histoires mythiques, centrées sur une ou plusieurs transformations surnaturelles. Le poète a construit avec soin cette chaine d'évènements pour aboutir a une fiction qui mène de la naissance de l'univers jusqu'a sa propre époque. En même temps, il exhibe sans cesse la part de jeu que comporte son entreprise, manifestant avec humour les procédés auxquels il a eu recours. La recherche consiste a décrire précisément cette démarche, en utilisant des instruments d'analyse modernes, comme ceux de la narratologie. Cela permet d'envisager les rapports entre la construction narrative des métamorphoses et les multiples similitudes qui créent tout un réseau de correspondances a travers le poème et déterminent une logique différente, échappant a la linéarité du récit. Pour atteindre ces objectifs, cinq étapes se succèdent : - les modèles poétiques dont Ovide s'inspire ou se démarque pour édifier un récit qui commence a la création du monde et s'achève sous le règne d'auguste. - les ressources thématiques et narratives mobilisées pour donner une impression de durée, de successivité, a une suite de légendes souvent dépourvues de liens préalables. - la découpe et l'économie du récit, depuis la définition des unités de base jusqu'aux regroupements narratifs les plus vastes qui en structurent le déroulement global. - la cohésion de l'ensemble avec le rôle joue par les transitions entre les diverses parties et l'explication des ruptures apparentes qui surgissent dans l'enchainement. - le réseau des corrélations thématiques et littérales entre les épisodes, aptes a susciter d'innombrables effets de sens, indépendamment du contexte narratif.},
	urldate = {2023-11-25},
	school = {Reims},
	author = {Tronchet, Gilles},
	collaborator = {Néraudau, Jean-Pierre},
	month = jan,
	year = {1997},
	keywords = {Intertextualité, Mise en abyme (littérature), Mythologie romaine, notion, Ovide (0043 av. J.-C.-0017) -- Poésie, Ovide (0043 av. J.-C.-0017). Les métamorphoses},
}

@article{letoublon_gilles_2001,
	title = {Gilles {Tronchet}, {La} {Métamorphose} à l'œuvre. {Recherches} sur la poétique d'{Ovide} dans les {Métamorphoses}},
	volume = {5},
	copyright = {free},
	url = {https://www.persee.fr/doc/gaia_1287-3349_2001_num_5_1_1371_t1_0225_0000_2},
	language = {fre},
	number = {1},
	urldate = {2023-12-21},
	journal = {GAIA. Revue interdisciplinaire sur la Grèce ancienne},
	author = {Létoublon, Françoise},
	year = {2001},
	note = {Company: Persée - Portail des revues scientifiques en SHS
Distributor: Persée - Portail des revues scientifiques en SHS
Institution: Persée - Portail des revues scientifiques en SHS
Label: Persée - Portail des revues scientifiques en SHS
Publisher: Ellug - Éditions littéraires et linguistiques de l'Université de Grenoble},
	keywords = {notion},
	pages = {225--226},
}

@book{ovide_metamorphoses_2017,
	address = {Paris},
	title = {Les métamorphoses},
	isbn = {979-10-93606-99-6},
	language = {fre},
	publisher = {Éditions de l'Ogre},
	author = {Ovide},
	editor = {Lafaye, Georges},
	translator = {Cosnay, Marie},
	collaborator = {Judet de La Combe, Pierre},
	year = {2017},
	note = {Country: FR
22 cm. Glossaire.},
	keywords = {notion},
}

@article{vial_fee_nodate,
	title = {La ``fée des métamorphoses'': {Circé} dans le livre {XIV} des {Métamorphoses}},
	language = {fr},
	author = {Vial, Hélène},
	keywords = {notion},
	file = {Vial - La ``fée des métamorphoses'' Circé dans le livre .pdf:/Users/axelle/Zotero/storage/7SS2I379/Vial - La ``fée des métamorphoses'' Circé dans le livre .pdf:application/pdf},
}

@article{fredouille_apologetique_1995,
	title = {L'apologétique chrétienne antique : métamorphoses d'un genre polymorphe},
	volume = {41},
	issn = {1768-9260, 2428-3606},
	shorttitle = {L'apologétique chrétienne antique},
	url = {https://www.brepolsonline.net/doi/10.1484/J.REA.5.104728},
	doi = {10.1484/J.REA.5.104728},
	language = {fr},
	number = {2},
	urldate = {2024-10-18},
	journal = {Revue d'Etudes Augustiniennes et Patristiques},
	author = {Fredouille, J.-C.},
	month = jan,
	year = {1995},
	keywords = {notion},
	pages = {201--216},
	file = {Fredouille - 1995 - L'apologétique chrétienne antique  métamorphoses .pdf:/Users/axelle/Zotero/storage/829WCQH3/Fredouille - 1995 - L'apologétique chrétienne antique  métamorphoses .pdf:application/pdf},
}

@article{darbo-peschanski_metamorphoses_nodate,
	title = {Métamorphoses du mythe en {Grèce} antique. Édition de {C}. {Calame}},
	language = {fr},
	journal = {Revue de l'Histoire des Religions},
	author = {Darbo-Peschanski, Catherine},
	keywords = {notion},
	file = {Darbo-Peschanski - Métamorphoses du mythe en Grèce antique. Édition d.pdf:/Users/axelle/Zotero/storage/N7IIIMXG/Darbo-Peschanski - Métamorphoses du mythe en Grèce antique. Édition d.pdf:application/pdf},
}

@article{dorly_daphne_2019,
	title = {Daphné : {Un} mythe de métamorphose, métamorphoses d’un mythe:},
	volume = {N° 150},
	issn = {0984-8207},
	shorttitle = {Daphné},
	url = {https://www.cairn.info/revue-cahiers-jungiens-de-psychanalyse-2019-2-page-49.htm?ref=doi},
	doi = {10.3917/cjung.150.0049},
	abstract = {Le mythe de Daphné est envisagé à travers son expression dans des créations musicales : un opéra vénitien du XVII e siècle, Gli amori d’Apollo e di Dafne , de Cavalli, une cantate du début du XVIII e siècle, Apollo e Dafne , de Haendel et un opéra dont la création date de 1938 : Daphne , de Richard Strauss. Le thème de la métamorphose est traité dans ses nombreuses variations à partir du noyau du mythe tel qu’il a été écrit par Ovide.},
	language = {fr},
	number = {2},
	urldate = {2024-10-18},
	journal = {Cahiers jungiens de psychanalyse},
	author = {Dorly, Claire},
	month = dec,
	year = {2019},
	keywords = {notion},
	pages = {49--67},
	file = {Dorly - 2019 - Daphné  Un mythe de métamorphose, métamorphoses d.pdf:/Users/axelle/Zotero/storage/7NU35TNA/Dorly - 2019 - Daphné  Un mythe de métamorphose, métamorphoses d.pdf:application/pdf},
}

@article{frontisi-ducroux_invention_2009,
	title = {L'invention de la métamorphose:},
	volume = {n° 64},
	issn = {1144-0821},
	shorttitle = {L'invention de la métamorphose},
	url = {https://www.cairn.info/revue-rue-descartes-2009-2-page-8.htm?ref=doi},
	doi = {10.3917/rdes.064.0008},
	language = {fr},
	number = {2},
	urldate = {2024-10-18},
	journal = {Rue Descartes},
	author = {Frontisi-Ducroux, Françoise},
	month = jun,
	year = {2009},
	keywords = {notion},
	pages = {8--22},
	file = {Frontisi-Ducroux - 2009 - L'invention de la métamorphose.pdf:/Users/axelle/Zotero/storage/C8PBN287/Frontisi-Ducroux - 2009 - L'invention de la métamorphose.pdf:application/pdf},
}

@article{fay_a_nodate,
	title = {À {PROPOS} {DES} {MÉTAMORPHOSES} {D}’{OVIDE}},
	language = {fr},
	number = {106},
	author = {Fay, Pénélope},
	keywords = {notion},
	file = {Fay - À PROPOS DES MÉTAMORPHOSES D’OVIDE.pdf:/Users/axelle/Zotero/storage/LLGQ5876/Fay - À PROPOS DES MÉTAMORPHOSES D’OVIDE.pdf:application/pdf},
}

@article{oliensis_misadventures_2023,
	title = {The misadventures of {Latona} in {Ovid}, {Metamorphoses} 6},
	volume = {144},
	issn = {0002-9475},
	url = {https://doi.org/10.1353/ajp.2023.a922569},
	doi = {10.1353/ajp.2023.a922569},
	abstract = {Latona enters the Ovidian spotlight in two episodes in Met. 6, confronting first Niobe and then some rude Lycian farmers. In both episodes Ovid reshapes the tradition to highlight Latona’s peculiar sensibility to eviction. The Lycian story in particular not only reenacts the disrespect the story warns against but brings Latona’s very divinity into question. These humiliations are linked to Latona’s anomalous status as a goddess who is also a fully embodied mother.},
	number = {3},
	urldate = {2024-11-04},
	journal = {American Journal of Philology},
	author = {Oliensis, Ellen},
	year = {2023},
	keywords = {notion},
	pages = {449--471},
}

@book{rivero_garcia__2023,
	address = {Göttingen},
	title = {The « {Metamorphoses} » of {Ovid} : 35 years of research 1980-2014. 2 / {Luis} {Rivero} {García} (coord.)},
	shorttitle = {The « {Metamorphoses} » of {Ovid}},
	abstract = {Contiene : 6, Language, style and metre ; 7, Sources and models ; 8, Reception and pervivence in Antiquity ; 9, Appendix : Pervivence in music and plastic arts ; 10, Closing remarks.},
	publisher = {Vandenhoeck und Ruprecht},
	editor = {Rivero García, Luis},
	year = {2023},
	keywords = {notion},
}

@incollection{basso_costruire_2022,
	address = {Berlin ; Boston (Mass.)},
	series = {Philologus. {Supplemente}},
	title = {Costruire un « io » divino: {Ovidio} e le dee},
	volume = {18},
	isbn = {978-3-11-079519-6},
	shorttitle = {Costruire un « io » divino},
	url = {https://doi.org/10.1515/9783110795257-006},
	urldate = {2024-11-04},
	booktitle = {The gendered « {I} » in ancient literature: modelling gender in first-person discourse},
	publisher = {De Gruyter},
	author = {Basso, Luca},
	editor = {Cordes, Lisa and Fuhrer, Therese},
	year = {2022},
	doi = {10.1515/9783110795257-006},
	keywords = {notion},
	pages = {93--104},
}

@incollection{botta_ovid_2022,
	address = {Turnhout},
	series = {Biblioteca del {Giornale} {Italiano} di {Filologia}},
	title = {Ovid in the {Old} {World} and the {New} : the « {Metamorphoses} » as interpreted by {George} {Sandys}},
	volume = {28},
	isbn = {978-2-503-59250-3},
	shorttitle = {Ovid in the {Old} {World} and the {New}},
	url = {https://doi.org/10.1484/M.GIFBIB-EB.5.127602},
	abstract = {George Sandys est à l’origine de la première traduction américaine des « Métamorphoses », commencée en Europe en 1615 et achevée dans la colonie de Jamestown en 1626.},
	urldate = {2024-11-04},
	booktitle = {After {Ovid}: aspects of the reception of {Ovid} in literature and iconography},
	publisher = {Brepols},
	author = {Botta, Enrico},
	editor = {Consolino, Franca Ela},
	year = {2022},
	doi = {10.1484/M.GIFBIB-EB.5.127602},
	keywords = {notion},
	pages = {335--351},
}

@incollection{capriotti_fortunes_2022,
	address = {Turnhout},
	series = {Biblioteca del {Giornale} {Italiano} di {Filologia}},
	title = {The fortunes and misfortunes of vulgarized editions of {Ovid}’s « {Metamorphoses} » in {Italy} and {Spain}},
	volume = {28},
	isbn = {978-2-503-59250-3},
	url = {https://doi.org/10.1484/M.GIFBIB-EB.5.127599},
	abstract = {Étude de quatre éditions illustrées publiées au milieu du 16e s.},
	urldate = {2024-11-04},
	booktitle = {After {Ovid}: aspects of the reception of {Ovid} in literature and iconography},
	publisher = {Brepols},
	author = {Capriotti, Giuseppe},
	editor = {Consolino, Franca Ela},
	year = {2022},
	doi = {10.1484/M.GIFBIB-EB.5.127599},
	keywords = {notion},
	pages = {261--283, ill.},
}

@incollection{keith_gender_2022,
	address = {Berlin ; Boston (Mass.)},
	series = {Philologus. {Supplemente}},
	title = {Gender and genre in first-person discourse: three case studies in {Ovid}’s « {Metamorphoses} »},
	volume = {18},
	isbn = {978-3-11-079519-6},
	shorttitle = {Gender and genre in first-person discourse},
	url = {https://doi.org/10.1515/9783110795257-016},
	urldate = {2024-11-04},
	booktitle = {The gendered « {I} » in ancient literature: modelling gender in first-person discourse},
	publisher = {De Gruyter},
	author = {Keith, Alison},
	editor = {Cordes, Lisa and Fuhrer, Therese},
	year = {2022},
	doi = {10.1515/9783110795257-016},
	keywords = {notion},
	pages = {329--354},
}

@article{klein__2022,
	title = {« {Carmen} perpetuum deducere » ? : retour sur le « programme callimachéen » du proème des « {Métamorphoses} »},
	volume = {19},
	issn = {1765-3142},
	shorttitle = {« {Carmen} perpetuum deducere » ?},
	url = {https://doi.org/10.4000/dictynna.3061},
	doi = {10.4000/dictynna.3061},
	abstract = {L’évocation du « deductum carmen » en Ou., Met. 1, 4 ne renvoie pas directement à Callimaque mais à l’ambivalence des poètes augustéens pré-ovidiens, Virgile et Horace, envers l’héritage callimachéen sur cette question de la continuité narrative. La tension majeure ne réside pas dans la confrontation des termes « perpetuum » et « deducere » mais dans l’annonce d’un « carmen perpetuum » à laquelle est opposée l’annonce du vent de la digression susceptible d’en mettre à mal la linéarité continue (« fert animus dicere », Ou., Met. 1, 1).},
	urldate = {2024-11-04},
	journal = {Dictynna: Revue de Poétique Latine},
	author = {Klein, Florence},
	year = {2022},
	keywords = {notion},
	pages = {non paginé},
	file = {Texte intégral:/Users/axelle/Zotero/storage/YVA3PWXP/Klein - 2022 - « Carmen perpetuum deducere »   retour sur le « .pdf:application/pdf},
}

@misc{noauthor_chroniques_nodate,
	title = {Chroniques anachroniques - {Métamorphoses} d’automne {\textbar} {La} {Vie} des {Classiques}},
	url = {https://www.laviedesclassiques.fr/chroniques/chroniques-anachroniques/chroniques-anachroniques-metamorphoses-dautomne},
	urldate = {2024-12-19},
	keywords = {notion},
	file = {Chroniques anachroniques - Métamorphoses d’automne | La Vie des Classiques:/Users/axelle/Zotero/storage/642KSH3L/chroniques-anachroniques-metamorphoses-dautomne.html:text/html},
}

@article{zissos_review_nodate,
	title = {Review of: {Ovid}’s {Metamorphoses} {Books} 1-5},
	issn = {1055-7660},
	url = {https://bmcr.brynmawr.edu/1997/1997.09.11/},
	urldate = {2024-12-22},
	journal = {Bryn Mawr Classical Review},
	author = {Zissos, Andrew},
	collaborator = {Ovid, 43 B. C.-17 A. D. or 18 A. D. and Anderson, William S. (William Scovil)},
	note = {BMCR ID: 1997.09.11},
	keywords = {notion},
	file = {Full Text Snapshot:/Users/axelle/Zotero/storage/D6WF7HMB/1997.09.11.html:text/html},
}

@incollection{videau_lepopee_2010,
	address = {Nanterre},
	series = {Hors collection},
	title = {L’épopée des {Métamorphoses} d’{Ovide}, une « forgerie » philologique et politique},
	copyright = {https://www.openedition.org/12554},
	isbn = {978-2-8218-2683-0},
	url = {https://books.openedition.org/pupo/1821},
	language = {fr},
	urldate = {2024-12-22},
	booktitle = {Mythe et fiction},
	publisher = {Presses universitaires de Paris Nanterre},
	author = {Videau, Anne},
	editor = {Auger, Danièle and Delattre, Charles},
	year = {2010},
	doi = {10.4000/books.pupo.1821},
	note = {Code: Mythe et fiction},
	keywords = {notion},
	pages = {185--197},
}

@article{bakhouche_larchitecture_2019,
	title = {L’architecture {desMétamorphosesd}’{Ovide}},
	volume = {71},
	issn = {0017-0461},
	url = {https://www.academia.edu/43104887/Larchitecture_des_M%C3%A9tamorphoses_dOvide},
	abstract = {L\&\#39;ARCHITECTURE DES MÉTAMORPHOSES D\&\#39;OVIDE Il n\&\#39;est guère besoin de présenter ce monument de l\&\#39;oeuvre ovidienne -et même de la littérature latine -que sont les Métamorphoses : l\&\#39;objet est en effet pour le moins ambitieux qui},
	urldate = {2024-12-22},
	journal = {Giornale Italiano di Filologia},
	author = {Bakhouche, Béatrice},
	year = {2019},
	keywords = {notion},
	pages = {235},
	file = {Snapshot:/Users/axelle/Zotero/storage/TH6XTK33/Larchitecture_des_Métamorphoses_dOvide.html:text/html},
}

@book{rosati_commentary_2024,
	address = {Cambridge},
	title = {A {Commentary} on {Ovid}'s {Metamorphoses}: {Volume} 1: {General} {Introduction} and {Books} 1-6},
	volume = {1},
	isbn = {978-0-521-89579-8},
	shorttitle = {A {Commentary} on {Ovid}'s {Metamorphoses}},
	url = {https://www.cambridge.org/core/books/commentary-on-ovids-metamorphoses/BA388C6830EEC5FCE3EF535A2846BE51},
	abstract = {Comprising fifteen books and over two hundred and fifty myths, Ovid's Metamorphoses is one of the longest extant Latin poems from the ancient world and one of the most influential works in Western culture. It is an epic on desire and transgression that became a gateway to the entire world of pagan mythology and visual imagination. This, the first complete commentary in English, covers all aspects of the text – from textual interpretation to poetics, imagination, and ideology – and will be useful as a teaching aid and an orientation for those who are interested in the text and its reception. Historically, the poem's audience includes readers interested in opera and ballet, psychology and sexuality, myth and painting, feminism and posthumanism, vegetarianism and metempsychosis (to name just a few outside the area of Classical Studies).},
	urldate = {2025-01-11},
	publisher = {Cambridge University Press},
	editor = {Rosati, Gianpiero},
	year = {2024},
	doi = {10.1017/9781139047272},
	keywords = {notion},
}

@book{kenney_commentary_2024,
	address = {Cambridge},
	title = {A {Commentary} on {Ovid}'s {Metamorphoses}: {Volume} 2: {Books} 7-12},
	volume = {2},
	isbn = {978-0-521-89580-4},
	shorttitle = {A {Commentary} on {Ovid}'s {Metamorphoses}},
	url = {https://www.cambridge.org/core/books/commentary-on-ovids-metamorphoses/8E67F1CAE0F75057B451CFC0DFD46CAC},
	abstract = {Comprising fifteen books and over two hundred and fifty myths, Ovid's Metamorphoses is one of the longest extant Latin poems from the ancient world and one of the most influential works in Western culture. It is an epic on desire and transgression that became a gateway to the entire world of pagan mythology and visual imagination. This, the first complete commentary in English, covers all aspects of the text – from textual interpretation to poetics, imagination, and ideology – and will be useful as a teaching aid and an orientation for those who are interested in the text and its reception. Historically, the poem's audience includes readers interested in opera and ballet, psychology and sexuality, myth and painting, feminism and posthumanism, vegetarianism and metempsychosis (to name just a few outside the area of Classical Studies).},
	urldate = {2025-01-11},
	publisher = {Cambridge University Press},
	editor = {Kenney, E. J. and Reed, Joseph D.},
	year = {2024},
	doi = {10.1017/9781139021586},
	keywords = {notion},
}

@book{hardie_commentary_2024,
	address = {Cambridge},
	title = {A {Commentary} on {Ovid}'s {Metamorphoses}: {Volume} 3: {Books} 13–15 and {Indices}},
	volume = {3},
	isbn = {978-0-521-89581-1},
	shorttitle = {A {Commentary} on {Ovid}'s {Metamorphoses}},
	url = {https://www.cambridge.org/core/books/commentary-on-ovids-metamorphoses/7A4431406B9F5420163A4F2BA5B6F9F5},
	abstract = {Comprising fifteen books and over two hundred and fifty myths, Ovid's Metamorphoses is one of the longest extant Latin poems from the ancient world and one of the most influential works in Western culture. It is an epic on desire and transgression that became a gateway to the entire world of pagan mythology and visual imagination. This, the first complete commentary in English, covers all aspects of the text – from textual interpretation to poetics, imagination, and ideology – and will be useful as a teaching aid and an orientation for those who are interested in the text and its reception. Historically, the poem's audience includes readers interested in opera and ballet, psychology and sexuality, myth and painting, feminism and posthumanism, vegetarianism and metempsychosis (to name just a few outside the area of Classical Studies).},
	urldate = {2025-01-11},
	publisher = {Cambridge University Press},
	editor = {Hardie, Phillip},
	year = {2024},
	doi = {10.1017/9781139017213},
	keywords = {notion},
	file = {Snapshot:/Users/axelle/Zotero/storage/5G57CJVI/7A4431406B9F5420163A4F2BA5B6F9F5.html:text/html},
}

@article{gaisser_review_nodate,
	title = {Review of: {The} {Gods} in {Epic}: {Poets} and {Critics} of the {Classical} {Tradition}},
	issn = {1055-7660},
	url = {https://bmcr.brynmawr.edu/1992/1992.02.08/},
	urldate = {2025-01-11},
	journal = {Bryn Mawr Classical Review},
	author = {Gaisser, Julia},
	collaborator = {Feeney, D. C.},
	note = {BMCR ID: 1992.02.08},
	keywords = {notion},
	file = {Full Text Snapshot:/Users/axelle/Zotero/storage/5CK5WSJN/1992.02.08.html:text/html},
}

@article{anderson_multiple_1963,
	title = {Multiple {Change} in the {Metamorphoses}},
	volume = {94},
	issn = {0065-9711},
	url = {https://www.jstor.org/stable/283631},
	doi = {10.2307/283631},
	urldate = {2025-01-11},
	journal = {Transactions and Proceedings of the American Philological Association},
	author = {Anderson, William S.},
	year = {1963},
	note = {Publisher: [Johns Hopkins University Press, American Philological Association]},
	keywords = {notion},
	pages = {1--27},
	file = {JSTOR Full Text PDF:/Users/axelle/Zotero/storage/XUNA88R6/Anderson - 1963 - Multiple Change in the Metamorphoses.pdf:application/pdf},
}

@phdthesis{mantzilas_divinites_2000,
	type = {These de doctorat},
	title = {Les divinités dans l'œuvre poétique d'{Ovide}},
	copyright = {Licence Etalab},
	url = {https://theses.fr/2000PA040080},
	abstract = {Cette thèse contient une étude minutieuse de tous les aspects des divinités grecques, romaines, italiques et orientales chez Ovide. Le classement des divinités est fait selon leur fonction principale (les divinités du ciel, des montagnes et des champs, de la mer, des eaux douces, du feu et du métal, de la demeure, de la naissance de l'amour et du mariage, du vent, de la fécondité, divinités chthoniennes, orientales, de la médecine, de la guerre et de la paix, du temps, issues de Jupiter, les abstractions personnifiées, les vertus romaines, les héros divinisés de Rome). La présentation de chaque entité est divisée en deux parties : son culte à Rome et sa présentation dans l'ensemble de l'œuvre poétique d’Ovide (métamorphoses, fasti, ars amatoria, amores, remedia amoris, heroides, ibis, tristia, pontica, de medicamina faciei femmeae, fragmenta). Les thèmes concernant l'étude des divinités sont relatifs à la fois à la tradition mythologique grecque (mythes et légendes, anthropomorphisme, fonctions générales, symboles, interaction avec les hommes et les autres dieux, prières, invocations, vers magiques, aspects et hypostases, attributs, animaux et plantes sacrées) et à leur culte à Rome (origines et étiologie de leur culte, étymologie de leur nom, épithètes et épiclèses, temples, fêtes, rites, cérémonies, jeux et sacrifices en leur honneur, iconographie, liaison avec d'autres divinités dans le culte). En parallèle, on cherche à relier toutes ses informations avec les calendriers épigraphiques et les autres auteurs grecs et latins contemporains ou non.},
	urldate = {2025-01-11},
	school = {Paris 4},
	author = {Mantzilas, Dimitrios},
	collaborator = {André, Jean-Marie},
	month = jan,
	year = {2000},
	keywords = {Dieux -- Dans la littérature, notion, Ovide (-0043-0017) -- Religion},
}

@article{mccarty_analytical_nodate,
	title = {The {Analytical} {Onomasticon} {Project}: {A} brief auto-ethnographic vignette},
	language = {en},
	author = {McCarty, Willard},
	keywords = {notion},
	file = {McCarty - The Analytical Onomasticon Project A brief auto-e.pdf:/Users/axelle/Zotero/storage/2RJX34H7/McCarty - The Analytical Onomasticon Project A brief auto-e.pdf:application/pdf},
}

@article{hockey_humanities_2007,
	title = {Humanities {Computing}.{Willard} {McCarty}.},
	volume = {22},
	issn = {0268-1145},
	url = {https://doi.org/10.1093/llc/fql047},
	doi = {10.1093/llc/fql047},
	abstract = {Anyone who follows the electronic seminar Humanist is familiar with the musings of its editor Willard McCarty on the nature and implications of humanities computing. This book brings together many of these discussions in an attempt to articulate an intellectual rationale of humanities computing. Apart from conversations in Humanist, the book draws on the author's wide-ranging reading in the history and philosophy of science and technology, notably Ian Hacking and Michael Mahoney, as well as on material perhaps better known to readers of this journal.McCarty sets out his stall in the introduction. His stated purpose and method is to ‘anatomize the method of humanities computing into four perspectives: analysis, synthesis, context and profession’ (p. 6). The emphasis is very much on method and the book mostly presents a view of the individual scholar working on his or her source material. The book does not seek to cover in any detail the rapidly growing world of digital libraries. Nor does it discuss at any length the implications for on-line publishing except to laud the benefits of on-line access. However, there is some welcome discussion of collaboration, which surfaces in a number of places throughout the book.},
	number = {2},
	urldate = {2025-01-11},
	journal = {Literary and Linguistic Computing},
	author = {Hockey, Susan},
	month = jun,
	year = {2007},
	keywords = {Apollon, architecture, Minerve, notion, Read, TBR},
	pages = {244--246},
	file = {Full Text PDF:/Users/axelle/Zotero/storage/TXJT7K6B/Hockey - 2007 - Humanities Computing.Willard McCarty..pdf:application/pdf;Snapshot:/Users/axelle/Zotero/storage/I4Y8N8JT/939007.html:text/html},
}

@book{noauthor_metamorphoses_1925,
	title = {Les {Métamorphoses}. {Tome} {I} : {Livres} {I}-{V} - {Ovide}},
	isbn = {978-2-251-01122-6},
	shorttitle = {Les {Métamorphoses}. {Tome} {I}},
	url = {https://www.lesbelleslettres.com/livre/9782251011226/les-metamorphoses-tome-i-livres-i-v},
	abstract = {Si les récits de métamorphoses furent très populaires pendant toute l'Antiquité et notamment pendant la période alexandrine, le recueil d'Ovide est de loin le...},
	language = {fr-FR},
	urldate = {2025-01-12},
	month = jan,
	year = {1925},
	keywords = {notion},
	file = {Snapshot:/Users/axelle/Zotero/storage/EW8GNDK8/les-metamorphoses-tome-i-livres-i-v.html:text/html},
}

@book{noauthor_metamorphoses_1928,
	title = {Les {Métamorphoses}. {Tome} {II} : {Livres} {VI}-{X} - {Ovide}},
	isbn = {978-2-251-01123-3},
	shorttitle = {Les {Métamorphoses}. {Tome} {II}},
	url = {https://www.lesbelleslettres.com/livre/9782251011233/les-metamorphoses-tome-ii-livres-vi-x},
	abstract = {Si les récits de métamorphoses furent très populaires pendant toute l'Antiquité et notamment pendant la période alexandrine, le recueil d'Ovide est de loin le plus...},
	language = {fr-FR},
	urldate = {2025-01-12},
	month = jan,
	year = {1928},
	keywords = {notion},
	file = {Snapshot:/Users/axelle/Zotero/storage/B3XQ2ZAB/les-metamorphoses-tome-ii-livres-vi-x.html:text/html},
}

@book{noauthor_metamorphoses_1930,
	title = {Les {Métamorphoses}. {Tome} {III} : {Livres} {XI}-{XV} - {Ovide}},
	isbn = {978-2-251-01124-0},
	shorttitle = {Les {Métamorphoses}. {Tome} {III}},
	url = {https://www.lesbelleslettres.com/livre/9782251011240/les-metamorphoses-tome-iii-livres-xi-xv},
	abstract = {Si les récits de métamorphoses furent très populaires pendant toute l'Antiquité et notamment pendant la période alexandrine, le recueil d'Ovide est de loin le...},
	language = {fr-FR},
	urldate = {2025-01-12},
	month = jan,
	year = {1930},
	keywords = {notion},
	file = {Snapshot:/Users/axelle/Zotero/storage/USGKNEZ8/les-metamorphoses-tome-iii-livres-xi-xv.html:text/html},
}

@article{possamai-perez_lappel_2023,
	title = {L’appel de la métamorphose dans l’{Ovide} moralisé},
	copyright = {https://creativecommons.org/licenses/by-nc-nd/4.0/},
	issn = {0563-9751},
	url = {https://journals.openedition.org/litteratures/4067#quotation},
	doi = {10.4000/121ys},
	abstract = {L’Ovide moralisé en         vers du début du xive siècle traduit puis allégorise         les Métamorphoses         d’Ovide. L’article examine les métamorphoses désirées par des         héroïnes, soit comme délivrance ou réparation, quand un dieu les         poursuit ou les a déflorées, soit comme châtiment quand l’héroïne ne         supporte plus le poids de sa faute, soit enfin comme rétablissement         d’un déséquilibre ou d’un manque initial. Si les interprétations de         type concret peuvent être neutres ou négatives d’un point de vue         axiologique, en revanche les allégories spirituelles que l’auteur         anonyme ajoute de son propre cru sont toujours positives : la         métamorphose est ainsi « la solution aux problèmes humains insolubles         sans elle ».},
	language = {fr},
	number = {87},
	urldate = {2025-01-12},
	journal = {Littératures},
	author = {Possamaï-Pérez, Marylène},
	month = may,
	year = {2023},
	note = {ISBN: 9782810712380
Number: 87
Publisher: Presses universitaires du Mirail},
	keywords = {châtiment, délivrance, faute, héroïnes, notion, Ovide moralisé, réparation, rétablissement},
}

@article{bakhouche_larchitecture_2019-1,
	title = {L’architecture des \textit{{Métamorphoses}} d’{Ovide}},
	volume = {71},
	issn = {0017-0461, 2507-0401},
	url = {https://www.brepolsonline.net/doi/10.1484/J.GIF.5.118468},
	doi = {10.1484/J.GIF.5.118468},
	language = {fr},
	urldate = {2025-01-21},
	journal = {Giornale Italiano di Filologia},
	author = {Bakhouche, Béatrice},
	month = jan,
	year = {2019},
	keywords = {notion},
	pages = {235--280},
	file = {Bakhouche - 2019 - L’architecture des Métamorphoses d’Ovide.pdf:/Users/axelle/Zotero/storage/RXTQ4NDE/Bakhouche - 2019 - L’architecture des Métamorphoses d’Ovide.pdf:application/pdf},
}

@article{fuchs_ovide_2012,
	title = {Ovide et l’instant de la métamorphose : un modèle pictural pour l’{Empire}},
	shorttitle = {Ovide et l’instant de la métamorphose},
	url = {https://www.academia.edu/42721336/Ovide_et_l_instant_de_la_m%C3%A9tamorphose_un_mod%C3%A8le_pictural_pour_l_Empire},
	abstract = {The moment of change of nature is crucial in a metamorphosis. Greek and Roman Antiquity found various solutions to narrate such a moment. Through the study of five metamorphoses, emphasizing the very moment of the phenomenon, it emerges to what},
	language = {en},
	urldate = {2025-02-14},
	journal = {Isabella Colpo, Francesca Ghedini (a cura di), Il gran poema delle passioni e delle meraviglie. Ovidio e il repertorio letterario e figurativo fra antico e riscoperta dell’antico. Atti del Convegno (Padova, 15-17 settembre 2011). Padova, p. 29-42.},
	author = {Fuchs, Michel E.},
	month = jan,
	year = {2012},
	keywords = {notion},
}

@article{delbey_pouvoir_2011,
	title = {Pouvoir de la métamorphose et métamorphose du pouvoir dans le {Livre} {XIV} des {Métamorphoses} d’{Ovide}},
	volume = {183},
	issn = {0042-7306},
	url = {https://www.persee.fr/doc/vita_0042-7306_2011_num_183_1_1717},
	doi = {10.3406/vita.2011.1717},
	abstract = {We think that it is not sufficient to say that the XIV Book of Ovid’s Metamorphoses belongs to a whole (book XI to book XV) which is different from the anterior books because there are references to the war of Troy and to the history of Rome, culmination of metamorphoses. So we interpret the XIV Book as a different representation of the power : passage of the malevolent power of Circe to the power of the king Romulus whose apotheosis shows the positive aspects.},
	language = {fr},
	number = {1},
	urldate = {2025-03-31},
	journal = {Vita Latina},
	author = {Delbey, Évrard},
	year = {2011},
	keywords = {notion},
	pages = {142--149},
	file = {Delbey - 2011 - Pouvoir de la métamorphose et métamorphose du pouv.pdf:/Users/axelle/Zotero/storage/3URPMJTZ/Delbey - 2011 - Pouvoir de la métamorphose et métamorphose du pouv.pdf:application/pdf},
}

@article{jean_pour_2023,
	title = {Pour dire au revoir à {Jean}-{Philippe} {Kalala} {Omotunde} (1967-2022)},
	volume = {204},
	issn = {0032-7638},
	url = {https://shs.cairn.info/revue-presence-africaine-2023-2-page-303},
	doi = {10.3917/presa.204.0303},
	language = {fr},
	number = {2},
	urldate = {2025-05-07},
	journal = {Présence Africaine},
	author = {Jean, Louis Carl Saint},
	year = {2023},
	note = {Publisher: Éditions Présence Africaine},
	keywords = {notion},
	pages = {303--307},
	file = {Full Text PDF:/Users/axelle/Zotero/storage/DDUECPXN/Jean - 2023 - Pour dire au revoir à Jean-Philippe Kalala Omotund.pdf:application/pdf},
}
