
@online{babeu_alison_rome_2011,
	title = {"Rome Wasn't Digitized in a Day": Building a Cyberinfrastructure for Digital Classicists â€¢ {CLIR}},
	url = {https://www.clir.org/pubs/reports/pub150/},
	shorttitle = {"Rome Wasn't Digitized in a Day"},
	abstract = {by Alison Babeu August 2011. 307 pp. \$0 (Web only) {ISBN} 978-1-932326-38-3 {CLIR} pub150 {PDF} Download of Complete Report (2.6 {MB} file) {\textgreater}{\textgreater} The author provides a summative and recent overview of the use of digital technologies in classical studies, focusing on classical Greece, Rome, and the ancient Middle and Near East, and generally on Read More},
	titleaddon = {{CLIR}},
	author = {Babeu, Alison},
	urldate = {2025-06-26},
	date = {2011-08},
	langid = {american},
	file = {Rome_wasn't_built_in_one_day_babeu.pdf:/Users/axelle/Zotero/storage/KDJC7FIQ/Rome_wasn't_built_in_one_day_babeu.pdf:application/pdf;Snapshot:/Users/axelle/Zotero/storage/2BXBX6HT/pub150.html:text/html},
}
