
@online{noauthor_lysias_nodate,
	title = {Lysias : {DISCOURS} {SUR} L'{IMPIÉTÉ} D'{ANDOCIDE}.  (bilingue)},
	url = {https://remacle.org/bloodwolf/orateurs/lysias/andocide.htm},
	urldate = {2023-09-12},
	file = {Lysias \: DISCOURS SUR L'IMPIÉTÉ D'ANDOCIDE.  (bilingue):/Users/axelle/Zotero/storage/LUPZA6IV/andocide.html:text/html},
}

@online{noauthor_lysias_nodate-1,
	title = {Lysias : {PREMIER} {PLAIDOYER} {CONTRE} {THÉOMNESTE}. (bilingue)},
	url = {https://remacle.org/bloodwolf/orateurs/lysias/theomneste.htm},
	urldate = {2023-09-12},
	file = {Lysias \: PREMIER PLAIDOYER CONTRE THÉOMNESTE. (bilingue):/Users/axelle/Zotero/storage/MJS42GDG/theomneste.html:text/html},
}

@online{noauthor_lysias_nodate-2,
	title = {Lysias : {LA} {PERORAISON} {DU} {PLAIDOYER} {CONTRE} {ERGOCLÈS}..  (bilingue)},
	url = {https://remacle.org/bloodwolf/orateurs/lysias/eratosthene1.htm},
	urldate = {2023-09-12},
	file = {Lysias \: LA PERORAISON DU PLAIDOYER CONTRE ERGOCLÈS..  (bilingue):/Users/axelle/Zotero/storage/BFSAX73G/eratosthene1.html:text/html},
}

@article{julien-saavedra_manifeste_2015,
	title = {Manifeste pour des humanités numériques 2.0},
	volume = {59},
	issn = {0292-0107},
	url = {https://www.cairn.info/revue-multitudes-2015-2-page-181.htm},
	doi = {10.3917/mult.059.0181},
	abstract = {Le but visé par ce manifeste, assemblé en 2008 par Jeffrey Schnapp, Todd Presner, Peter Lunenfeld et Johanna Drucker, est d’alimenter le débat sur ce que les humanités peuvent et doivent faire au {XXIe} siècle, en particulier dans le domaine des luttes culturelles qui sont aujourd’hui largement menées (et gagnées) par les intérêts capitalistes. C’est un appel à affirmer la pertinence et la nécessité des humanités en une époque de coupes budgétaires, alors qu’elles sont plus nécessaires que jamais pour orienter la migration de notre héritage culturel vers des supports numériques, tandis que notre relation aux savoirs et à l’information se transforme d’une façon profonde et imprévisible. Les humanités numériques étudient l’impact social et culturel des nouvelles technologies et jouent un rôle actif dans le design, la mise en œuvre, le questionnement et la subversion de ces technologies.},
	pages = {181--195},
	number = {2},
	journaltitle = {Multitudes},
	shortjournal = {Multitudes},
	author = {Citton, Yves},
	translator = {Julien-Saavedra, Quentin},
	urldate = {2023-09-17},
	date = {2015},
	langid = {french},
}

@article{julien-saavedra_manifeste_2015-1,
	title = {Manifeste pour des humanités numériques 2.0},
	volume = {59},
	issn = {0292-0107},
	url = {https://www.cairn.info/revue-multitudes-2015-2-page-181.htm},
	doi = {10.3917/mult.059.0181},
	abstract = {Le but visé par ce manifeste, assemblé en 2008 par Jeffrey Schnapp, Todd Presner, Peter Lunenfeld et Johanna Drucker, est d’alimenter le débat sur ce que les humanités peuvent et doivent faire au {XXIe} siècle, en particulier dans le domaine des luttes culturelles qui sont aujourd’hui largement menées (et gagnées) par les intérêts capitalistes. C’est un appel à affirmer la pertinence et la nécessité des humanités en une époque de coupes budgétaires, alors qu’elles sont plus nécessaires que jamais pour orienter la migration de notre héritage culturel vers des supports numériques, tandis que notre relation aux savoirs et à l’information se transforme d’une façon profonde et imprévisible. Les humanités numériques étudient l’impact social et culturel des nouvelles technologies et jouent un rôle actif dans le design, la mise en œuvre, le questionnement et la subversion de ces technologies.},
	pages = {181--195},
	number = {2},
	journaltitle = {Multitudes},
	shortjournal = {Multitudes},
	author = {Citton, Yves},
	translator = {Julien-Saavedra, Quentin},
	urldate = {2023-10-02},
	date = {2015},
	langid = {french},
	note = {Place: Paris
Publisher: Association Multitudes},
	file = {Snapshot:/Users/axelle/Zotero/storage/Y9TMQ95V/revue-multitudes-2015-2-page-181.html:text/html},
}

@online{noauthor_brave_nodate,
	title = {Brave Search},
	url = {https://search.brave.com/},
	abstract = {Rechercher sur le Web de manière privée ...},
	titleaddon = {Brave Search},
	urldate = {2023-10-05},
	langid = {french},
	file = {Snapshot:/Users/axelle/Zotero/storage/CJT2UVXT/search.html:text/html},
}

@online{noauthor_nouveau_nodate,
	title = {Nouveau message de Nadine Le Meur-Weissman - 42020162@parisnanterre.fr - Messagerie Université Paris Nanterre},
	url = {https://mail.google.com/mail/u/0/#inbox/FMfcgzGtxTBWgHJkzCdzDSGJvnxFlkDs},
	urldate = {2023-10-05},
	file = {Nouveau message de Nadine Le Meur-Weissman - 42020162@parisnanterre.fr - Messagerie Université Paris Nanterre:/Users/axelle/Zotero/storage/GFXDS6L7/0.html:text/html},
}

@inproceedings{Lee2007,
	title = {A Computational Model of Text Reuse in Ancient Literary Texts},
	url = {http://www.aclweb.org/anthology/P/P07/P07-1060},
	pages = {479, 472},
	booktitle = {Proceedings of the 45th Annual Meeting of the Association of Computational Linguistics},
	publisher = {Association for Computational Linguistics},
	author = {Lee, John},
	urldate = {2009-02-04},
	date = {2007},
	note = {00040},
	keywords = {⛔ No {DOI} found, acl07},
}

@misc{Fraser1996,
	title = {A Hypertextual History of Humanities Computing},
	url = {http://info.ox.ac.uk/ctitext/history/index.html},
	abstract = {The contents of this site are derived from a hypertalk delivered at the Computers and Teaching in the Humanities conference, Royal Holloway 1995.

This is an ongoing project. At present only in its infancy but, with the type of collaboration which underlies the best in humanities computing, this resource should expand and become a sort of hypertext museum and exhibition. To this end I am inviting individuals who were involved in some form of humanities computing in the period 1945-1980 to send me accounts of their experiences. Anecdotes from 'behind the scenes', images, archived materials, etc, are more than welcome.},
	author = {Fraser, Michael},
	date = {1996-02-04},
	note = {00000},
}

@book{Solomon1993,
	location = {Tucson},
	title = {Accessing antiquity : the computerization of classical studies},
	isbn = {978-0-8165-1390-1},
	shorttitle = {Accessing antiquity},
	publisher = {University of Arizona Press},
	author = {Solomon, Jon},
	date = {1993},
	note = {00000},
}

@book{noauthor_acta_1972,
	location = {Oxford},
	edition = {H.A. Musurillo},
	title = {Acta Crispinae},
	pagetotal = {302-309},
	publisher = {Clarendon Press},
	date = {1972},
	note = {00000},
}

@book{leal_actas_2009,
	location = {Madrid},
	title = {Actas latinas de mártires africanos},
	publisher = {Ciudad Nueva},
	author = {Leal, Jerónimo},
	date = {2009},
	note = {00000},
}

@book{cattaneo_agostino_2004,
	location = {Palermo},
	title = {Agostino d'Ippona. Sette libri sul battesimo: in dialogo con i donatisti},
	series = {Il pellicano collana di studi e testi di storia del cristianesimo},
	abstract = {(Introduzione, traduzione e note)},
	number = {3},
	publisher = {L'Epos},
	author = {Cattaneo, Enrico},
	date = {2004},
	note = {00000},
}

@book{noauthor_agostino_1998,
	location = {Roma},
	title = {Agostino, Polemica con i Donatisti},
	series = {Nuova Biblioteca Agostiniana},
	abstract = {Testo latino dell'Edizione Maurina confrontato con il {CSEL}},
	number = {{XV}-{XVI}},
	publisher = {Città Nuova Editrice},
	date = {1998},
	note = {00000},
}

@book{langa_agustin_1988,
	location = {Madrid},
	title = {Agustín de Hipona, Escritos Antidonatistas},
	volume = {1-3},
	series = {Obras completas de San Agustin},
	number = {32-34},
	publisher = {Biblioteca de autores cristianos},
	author = {Langa, Pedro},
	date = {1988},
	note = {00000},
}

@book{izzo_alle_2010,
	title = {Alle origini del copyright e del diritto d'autore. Tecnologia, interessi e cambiamento giuridico},
	series = {Biblioteca di testi e studi},
	abstract = {Il volume esplora le dinamiche storiche, economiche e giuridiche che favorirono la formazione dei due concetti (e dei connessi sistemi di regole) che interpretano l’esigenza di tutelare la creatività in seno alla tradizione giuridica occidentale: il copyright anglosassone e il droit d’auteur francese, quest’ultimo antesignano dei modelli di diritto d’autore poi sviluppati dai sistemi di civil law continentali, fra cui quello italiano. Nel far ciò l’autore percorre i circa 350 anni trascorsi dall’invenzione della stampa a caratteri mobili al rifluire delle grandi rivoluzioni che chiusero il Secolo dei Lumi, dimostrando come in tutte le esperienze giuridiche considerate l’assetto di tali regole sia sempre stato il prodotto di uno scambio fra quanti, gestendo ed implementando la nuova tecnologia, desideravano sfruttarne il potenziale economico (gli stampatori, i librai, gli editori e solo da ultimo gli autori) e i pubblici decisori (i sovrani e poi le assemblee legislative), che, col riconoscimento di questi interessi, potevano perseguire precise finalità politiche (dalla censura all’intento di incentivare lo sviluppo della conoscenza). In tal senso la storia comparata del diritto d’autore rivela consapevolezze preziose allo studioso della proprietà intellettuale contemporanea, ma anche al cultore della tecnologia digitale e, più in generale, a chi è interessato allo studio dei fondamenti dell’economia della creatività nell’odierna fase di transizione dalla tecnologia della carta a quella digitale. Fonte: http://www.carocci.it/web/Controller.do?query=\_\_BOOK\_SCHEDA\_LIBRO\_2\&jscr=0\&srcprm=5001},
	publisher = {Carocci},
	author = {Izzo, Umberto},
	date = {2010},
	note = {00004},
}

@online{Robineau2011,
	title = {Antiquité et humanités numériques},
	url = {http://bsa.biblio.univ-lille3.fr/blog/2011/01/antiquite-et-humanites-numeriques/},
	titleaddon = {Insula},
	author = {Robineau, Régis},
	urldate = {2011-02-01},
	date = {2011-01-28},
	langid = {french},
	note = {00000 },
	keywords = {Digital Classics, Digital Humanities},
}

@book{noauthor_appendix_1893,
	location = {Vienna},
	edition = {K. Ziwsa},
	title = {Appendix decem monumentorum veterum ad Donatistarum historiam pertinentium: I. Gesta apud Zenophilum; {II}. Acta purgationis Felicis episcopi Autumnitani; {III}. Epistula Constantini ad Aelafium; {IV}. Concilium episcoporum Arelatense ad Silvestrum papam; V. Epistula Constantini ad episcopos catholicos; {VI}. Epistula Constantini ad episcopos partis Donati; {VII}. Epistula Constantini ad Celsum vicarium Africae; {VIII}. Epistula praef. praet. Petronii ad Celsum; {IX}. Epistula Constantini ad catholicam; X. Epistula Constantini de basilica catholicis erepta},
	url = {https://archive.org/details/CorpusScriptorumEcclesiasticorumLatinorum26},
	series = {Corpus Scriptorum Ecclesiasticorum Latinorum},
	pagetotal = {183-216},
	number = {26},
	publisher = {Tempsky},
	date = {1893},
	note = {00000},
}

@online{zotero-16508,
	title = {Biblindex},
	url = {http://www.biblindex.mom.fr/},
	urldate = {2014-06-19},
	note = {00007},
}

@book{noauthor_breviculus_1974,
	location = {Turnhout},
	edition = {C. Munier},
	title = {Breviculus conlationis cum Donatistis},
	series = {Corpus Christianorum, series latina},
	pagetotal = {261-306},
	number = {149A},
	publisher = {Brepols},
	date = {1974},
	note = {00000},
}

@online{noauthor_caa_nodate,
	title = {{CAA} International Conference online proceedings},
	rights = {Open access},
	url = {http://proceedings.caaconference.org/},
	abstract = {Computer Applications and Quantitative Methods in Archaeology International Conference online proceedings from 1973},
	titleaddon = {{CAA} international},
	keywords = {archaeology, digital classics},
}

@book{zotero-2736,
	title = {Changing the Center of Gravity: Transforming Classical Studies Through Cyberinfrastructure. {DHQ}: Digital Humanities Quarterly: Winter 2009: v3 n1},
	volume = {3.1},
	url = {http://digitalhumanities.org/dhq/vol/3/1/index.html},
	series = {Digital Humanities Quarterly},
	author = {Terras, Melissa and Crane, Gregory},
	urldate = {2010-02-25},
	date = {2009},
	note = {00015 },
	keywords = {syntheses},
}

@article{Smith2009,
	title = {Citation in Classical Studies},
	volume = {3},
	url = {http://www.digitalhumanities.org/dhq/vol/003/1/000028/000028.html},
	abstract = {Citation practice reflects a model of a scholarly domain. This paper first considers traditional citation practice in the humanities as a description of our subjects of study. It then describes work at the Center for Hellenic Studies on an architecture for digital scholarship that is explicitly based on this model, and proposes a machine-actionable but technologically independent notation for citing texts, the Canonical Text Services {URN}.},
	number = {1},
	journaltitle = {Digital Humanities Quarterly},
	author = {Smith, Neel},
	urldate = {2013-10-04},
	date = {2009},
	note = {00017},
	keywords = {⛔ No {DOI} found},
}

@inproceedings{Romanello2009,
	location = {Morristown, {NJ}, {USA}},
	title = {Citations in the digital library of classics: extracting canonical references by using conditional random fields},
	isbn = {978-1-932432-58-9},
	pages = {80--87},
	booktitle = {{NLPIR}4DL '09: Proceedings of the 2009 Workshop on Text and Citation Analysis for Scholarly Digital Libraries},
	publisher = {Association for Computational Linguistics},
	author = {Romanello, Matteo and Boschetti, Federico and Crane, Gregory},
	date = {2009},
	note = {00014},
}

@article{McManus2003,
	title = {Classics and Internet Technology},
	volume = {124},
	issn = {00029475},
	url = {http://www.jstor.org/stable/1561793},
	doi = {10/dvbrdn},
	pages = {601--608},
	number = {4},
	journaltitle = {The American Journal of Philology},
	author = {{McManus}, Barbara F. and Rubino, Carl A.},
	urldate = {2010-09-01},
	date = {2003},
	note = {00000},
}

@article{Crane2004,
	title = {Classics and the Computer: An End of the History},
	shorttitle = {Classics and the Computer},
	pages = {46--55},
	author = {Crane, Gregory},
	date = {2004},
	note = {00039 },
	keywords = {en, general},
}

@incollection{brunner_classics_1993,
	location = {Tucson},
	title = {Classics and the Computer: The History of a Relationship},
	isbn = {978-0-8165-1390-1},
	shorttitle = {Accessing antiquity},
	pages = {10--33},
	booktitle = {Accessing antiquity : the computerization of classical studies},
	publisher = {University of Arizona Press},
	author = {Brunner, Theodor F.},
	date = {1993},
	note = {00007},
}

@book{noauthor_codex_1905,
	location = {Berlin},
	edition = {Th. Mommsen - M. Meyer},
	title = {Codex Theodosianus {XVI},5,37-41.43-44.46.52.54-55.65; {XVI},6,1-5},
	url = {https://archive.org/details/theodosianilibr01sirmgoog},
	publisher = {Weidmann},
	date = {1905},
	note = {00000},
}

@incollection{Trachsel2012,
	location = {Lausanne},
	title = {Collecting Fragments Today: What Status Will a Fragment Have in the Era of Digital Philology?},
	pages = {415--429},
	booktitle = {Lire demain - Reading tomorrow},
	publisher = {Presses polytechniques et universitaires romandes ({PPUR})},
	author = {Trachsel, Alexandra},
	editor = {Clivaz, Claire and Meizoz, Jérôme and Vallotton, François and Verheyden, Joseph},
	date = {2012},
	note = {00005},
}

@article{Berti2013,
	title = {Collecting Quotations by Topic: Degrees of Preservation and Transtextual Relations among Genres},
	volume = {43},
	issn = {0066-1619},
	doi = {10.2143/AS.43.0.2992614},
	shorttitle = {Collecting Quotations by Topic},
	pages = {269--288},
	journaltitle = {Ancient Society},
	author = {Berti, Monica},
	date = {2013},
	note = {00021},
	keywords = {⚠️ Invalid {DOI}},
}

@article{Crane1991,
	title = {Composing Culture: The Authority of an Electronic Text [and Comments and Reply]},
	volume = {32},
	rights = {Copyright © 1991 The University of Chicago Press},
	issn = {0011-3204},
	url = {http://www.jstor.org/stable/2743779},
	doi = {10/d2vtrb},
	shorttitle = {Composing Culture},
	pages = {293--311},
	number = {3},
	journaltitle = {Current Anthropology},
	shortjournal = {Current Anthropology},
	author = {Crane, Gregory and Finnegan, Ruth and Glock, Albert E. and Hirsch, Eric and Martindale, Charles and Stoddart, Simon and Michel, Jacques-Henri and Morris, Ian and Probst, Peter},
	urldate = {2014-05-22},
	date = {1991-06-01},
	note = {00047},
}

@article{Bamman2009-1,
	title = {Computational Linguistics and Classical Lexicography},
	volume = {3},
	url = {http://www.digitalhumanities.org/dhq/vol/003/1/000033/000033.html},
	abstract = {Manual lexicography has produced extraordinary results for Greek and Latin, but it cannot in the immediate future provide for all texts the same level of coverage available for the most heavily studied materials. As we build a cyberinfrastructure for Classics in the future, we must explore the role that automatic methods can play within it. Using technologies inherited from the disciplines of computational linguistics and computer science, we can create a complement to these traditional reference works - a dynamic lexicon that presents statistical information about a word’s usage in context, including information about its sense distribution within various authors, genres and eras, and syntactic information as well.},
	number = {1},
	journaltitle = {Digital Humanities Quarterly},
	author = {Bamman, David and Crane, Gregory},
	date = {2009},
	note = {00017},
	keywords = {⛔ No {DOI} found},
}

@article{McDonough1967,
	title = {Computers and the classics},
	volume = {2},
	url = {http://dx.doi.org/10.1007/BF02402465},
	doi = {10/fdtz96},
	pages = {37--40},
	number = {1},
	journaltitle = {Computers and the Humanities},
	author = {{McDonough}, James},
	urldate = {2010-02-15},
	date = {1967},
	note = {00001},
}

@article{Waite1970,
	title = {Computers and the classics},
	volume = {5},
	url = {http://dx.doi.org/10.1007/BF02404258},
	doi = {10/bq36zr},
	pages = {47--51},
	number = {1},
	journaltitle = {Computers and the Humanities},
	author = {Waite, Stephen},
	urldate = {2010-02-15},
	date = {1970},
	note = {00000},
}

@mvbook{neal_computers_1992,
	location = {Manchester},
	title = {Computers and the humanities},
	volume = {74},
	series = {Bulletin of the John Rylands University Library of Manchester},
	volumes = {3},
	publisher = {John Rylands University Library},
	author = {Neal, Gordon and University of Manchester.},
	date = {1992},
	note = {00000},
}

@book{kenny_computers_1991,
	location = {London},
	title = {Computers and the Humanities},
	isbn = {978-0-7123-3267-5},
	series = {British Library Annual Research Lecture},
	publisher = {British Library},
	author = {Kenny, A.},
	date = {1991},
	note = {00000},
}

@book{1974,
	location = {Turnhout},
	edition = {C. Munier},
	title = {Concilia Africae a. 345-a. 525},
	series = {Corpus Christianorum, series latina},
	number = {149},
	publisher = {Brepols},
	date = {1974},
	note = {00000},
}

@inproceedings{Jordanous2012-1,
	title = {Contemporary transformation of ancient documents for recording and retrieving maximum information: when one form of markup is not enough},
	volume = {8},
	url = {http://dx.doi.org/10.4242/balisagevol8.jordanous01},
	doi = {10/ggs5kf},
	shorttitle = {Contemporary transformation of ancient documents for recording and retrieving maximum information},
	abstract = {This paper considers what we can gain from enhancing {TEI}-encoded texts with {RDF}. We consider the use of Open Annotation Collaboration ({OAC}) annotations as part of our work for the future. To illustrate our approach, we take as a case study the Sharing Ancient Wisdoms ({SAWS}) project, which explores and analyses the tradition of wisdom literatures in ancient Greek, Arabic and other languages. It aims to publish its texts digitally in a manner that enables linking and comparisons within and between anthologies, their source texts, and the texts that draw upon them.},
	eventtitle = {Proceedings of Balisage: The Markup Conference 2012},
	author = {Jordanous, Anna and Stanley, Alan and Tupman, Charlotte},
	urldate = {2014-05-20},
	date = {2012},
	note = {00012},
	keywords = {nanopublications, rdf, tei},
}

@book{noauthor_contra_1909,
	location = {Vienna},
	edition = {M. Petschenig},
	title = {Contra Cresconium grammaticum et donatistam},
	url = {https://archive.org/details/CSEL52},
	series = {Corpus Scriptorum Ecclesiasticorum Latinorum},
	pagetotal = {323-582},
	number = {52},
	publisher = {Tempsky},
	date = {1909},
	note = {00000},
}

@book{Augustinus1908,
	location = {Vienna},
	edition = {M. Petschenig},
	title = {Contra epistulam Parmeniani},
	url = {https://archive.org/details/CSEL51},
	series = {Corpus Scriptorum Ecclesiasticorum Latinorum},
	pagetotal = {17-141},
	number = {51},
	publisher = {Tempsky},
	date = {1908},
	note = {00002},
}

@book{noauthor_contra_1910,
	location = {Vienna},
	edition = {M. Petschenig},
	title = {Contra Gaudentium donatistarum episcopum},
	url = {https://archive.org/details/CSEL53},
	series = {Corpus Scriptorum Ecclesiasticorum Latinorum},
	pagetotal = {119- 274},
	number = {53},
	publisher = {Tempsky},
	date = {1910},
	note = {00000},
}

@book{noauthor_contra_1909-1,
	location = {Vienna},
	edition = {M. Petschenig},
	title = {Contra litteras Petiliani},
	url = {https://archive.org/details/CSEL52},
	series = {Corpus Scriptorum Ecclesiasticorum Latinorum},
	pagetotal = {1-227},
	number = {52},
	publisher = {Tempsky},
	date = {1909},
	note = {00000},
}

@book{noauthor_contra_1910-1,
	location = {Vienna},
	edition = {M. Petschenig},
	title = {Contra partem Donati post gesta},
	url = {https://archive.org/details/CSEL53},
	series = {Corpus Scriptorum Ecclesiasticorum Latinorum},
	pagetotal = {95-162},
	number = {53},
	publisher = {Tempsky},
	date = {1910},
	note = {00000},
}

@online{unknown,
	title = {Cornell University Library},
	url = {https://www.library.cornell.edu/},
	urldate = {2021-09-14},
}

@online{Elliott2014,
	title = {Current Practice in Linked Open Data for the Ancient World},
	url = {http://doi.org/2333.1/gxd256w7},
	author = {Elliott, Tom and Heath, Sebastian and Muccigrosso, John},
	urldate = {2023-01-21},
	date = {2014},
	langid = {english},
}

@article{Crane2009,
	title = {Cyberinfrastructure for Classical Philology},
	volume = {3},
	url = {http://www.digitalhumanities.org/dhq/vol/3/1/000023/000023.html},
	abstract = {No humanists have moved more aggressively in the digital world than students of the Greco-Roman world but the first generation of digital classics has seen relatively superficial methods to address the problems of print culture. We are now beginning to see new intellectual practices for which new terms, {eWissenschaft} and {eClassics}, and a new cyberinfrastructure are emerging.},
	number = {1},
	journaltitle = {Digital Humanities Quarterly},
	author = {Crane, Gregory and Seales, Brent and Terras, Melissa},
	urldate = {2010-07-19},
	date = {2009},
	note = {00013},
	keywords = {⛔ No {DOI} found},
}

@book{noauthor_agone_1900,
	location = {Vienna},
	edition = {J. Zycha},
	title = {De agone christiano 29,31},
	url = {http://archive.org/stream/corpusscriptoru18wiengoog},
	series = {Corpus Scriptorum Ecclesiasticorum Latinorum},
	pagetotal = {131},
	number = {41},
	publisher = {Tempsky},
	date = {1900},
	note = {00000},
}

@book{noauthor_aleatoribus_1871,
	location = {Vienna},
	edition = {W. Hartel},
	title = {De aleatoribus},
	url = {http://books.google.it/books?id=cicRAAAAYAAJ&printsec=frontcover&hl=it#v=onepage&q&f=false},
	series = {Corpus Scriptorum Ecclesiasticorum Latinorum},
	pagetotal = {92-104},
	number = {3/3},
	publisher = {Tempsky},
	date = {1871},
	note = {00000},
}

@book{noauthor_baptismo_1908,
	location = {Vienna},
	edition = {M. Petschenig},
	title = {De baptismo},
	url = {https://archive.org/details/CSEL51},
	series = {Corpus Scriptorum Ecclesiasticorum Latinorum},
	pagetotal = {143-375},
	number = {51},
	publisher = {Tempsky},
	date = {1908},
	note = {00002},
}

@book{noauthor_correctione_1911,
	location = {Vienna},
	edition = {A. Goldbacher},
	title = {De correctione Donatistarum  (= ep. 185)},
	url = {https://archive.org/details/CSEL57},
	series = {Corpus Scriptorum Ecclesiasticorum Latinorum},
	pagetotal = {1–44},
	number = {57},
	publisher = {Tempsky},
	date = {1911},
	note = {00000},
}

@book{noauthor_duobus_1871,
	location = {Vienna},
	edition = {W. Hartel},
	title = {De duobus montibus Sina et Sion},
	url = {http://books.google.it/books?id=cicRAAAAYAAJ&printsec=frontcover&hl=it#v=onepage&q&f=false},
	series = {Corpus Scriptorum Ecclesiasticorum Latinorum},
	pagetotal = {104-119},
	number = {3/3},
	publisher = {Tempsky},
	date = {1871},
	note = {00000},
}

@book{noauthor_singularitate_1871,
	location = {Vienna},
	edition = {W. Hartel},
	title = {De singularitate clericorum},
	url = {http://books.google.it/books?id=cicRAAAAYAAJ&printsec=frontcover&hl=it#v=onepage&q&f=false},
	series = {Corpus Scriptorum Ecclesiasticorum Latinorum},
	pagetotal = {173–220},
	number = {3/3},
	publisher = {Tempsky},
	date = {1871},
	note = {00000},
}

@book{Fruchtman2007,
	location = {Indiana},
	title = {De Singularitate Clericorum: a third-century treatise against spiritual marriage},
	url = {http://www.episcopus.org/wp-content/uploads/2014/09/Fruchtman-De-Singularitate-Clericorum-For-Episcopus.pdf},
	publisher = {Indiana University, Dept. of Religious Studies},
	author = {Fruchtman, Diane Shane},
	date = {2007},
	note = {00004},
}

@online{zotero-2721,
	title = {Demo Framentary Texts},
	url = {http://demo.fragmentarytexts.org/},
	abstract = {demo.fragmentarytexts.org is a site complementary to Fragmentary Texts, which is a blog on “collecting and representing fragments of lost authors and works”.},
	urldate = {2010-07-22},
	note = {00000 },
	keywords = {philologie, realisations},
}

@collection{berti_digital_2019,
	location = {Berlin and Boston},
	title = {Digital Classical Philology. Ancient Greek and Latin in the Digital Revolution},
	isbn = {978-3-11-059957-2},
	url = {https://doi.org/10.1515/9783110599572},
	series = {Age of Access? Grundfragen der Informationsgesellschaft},
	number = {10},
	publisher = {De Gruyter},
	editor = {Berti, Monica},
	date = {2019},
	langid = {english},
}

@book{Varga2018,
	title = {Digital Classics and Ancient History},
	volume = {63.2},
	url = {https://doi.org/10.24193/subbdigitalia.2018.2},
	series = {Digitalia},
	author = {Varga, Rada},
	date = {2018},
}

@collection{Bodard2016,
	title = {Digital Classics Outside the Echo-Chamber: Teaching, Knowledge Exchange \& Public Engagement},
	isbn = {978-1-909188-46-4},
	url = {http://www.ubiquitypress.com/site/books/10.5334/bat/},
	shorttitle = {Digital Classics Outside the Echo-Chamber},
	publisher = {Ubiquity Press},
	editor = {Bodard, Gabriel and Romanello, Matteo},
	urldate = {2019-02-19},
	date = {2016-04-28},
	doi = {10.5334/bat},
	note = {00000 },
	file = {Texte intégral:/Users/axelle/Zotero/storage/5PZ9DJQS/Bodard et Romanello - 2016 - Digital Classics Outside the Echo-Chamber Teachin.pdf:application/pdf},
}

@article{Elliott2009,
	title = {Digital Geography and Classics},
	volume = {3},
	url = {http://www.digitalhumanities.org/dhq/vol/3/1/000031/000031.html},
	abstract = {The authors open by imagining one possible use of digital geographic techniques in the context of humanities research in 2017. They then outline the background to this vision, from early engagements in web-based mapping for the Classics to recent, fast-paced developments in web-based, collaborative geography. The article concludes with a description of their own Pleiades Project (http://pleiades.stoa.org), which gives scholars, students and enthusiasts worldwide the opportunity to use, create and share historical geographic information about the Greek and Roman World in digital form.},
	number = {1},
	journaltitle = {Digital Humanities Quarterly},
	author = {Elliott, Tom and Gillies, Sean},
	urldate = {2014-08-27},
	date = {2009},
	keywords = {⛔ No {DOI} found},
}

@article{lauriola_jenny_2005,
	title = {On Jenny Strauss Clay on Hesiod's Cosmos},
	volume = {9},
	rights = {free},
	url = {https://www.persee.fr/doc/gaia_1287-3349_2005_num_9_1_1480},
	doi = {10.3406/gaia.2005.1480},
	pages = {169--182},
	number = {1},
	journaltitle = {{GAIA}. Revue interdisciplinaire sur la Grèce ancienne},
	author = {Lauriola, Rosanna},
	urldate = {2023-10-10},
	date = {2005},
	note = {Publisher: Persée - Portail des revues scientifiques en {SHS}},
}

@article{bompaire_a_1993,
	title = {À la recherche du stemma des manuscrits grecs de Lucien. Contribution à l'histoire de la critique},
	volume = {23},
	rights = {free},
	url = {https://www.persee.fr/doc/rht_0373-6075_1993_num_23_1993_1385},
	doi = {10.3406/rht.1993.1385},
	abstract = {L'article retrace les étapes de la recherche conduite pendant les 130 dernières années afin de classer systématiquement les manuscrite de Lucien et d'établir leur stemma. Le véritable travail scientifique commence avec Siemonsen (1866). Les principaux apports sont ceux de Maass (1884), Rothstein (1888), Nilén (1906), Mras (1911), Macleod (1972), Coenen (1977). L'existence de deux familles est bien établie : famille β autour du Vindobonensis Β (privilégiée par les éditeurs du {XIXe} siècle) et famille γ autour du Vaticanus Γ (qu'on peut considérer comme la plus sûre). L'Harleianus E, le manuscrit d'Aréthas, joue un rôle charnière. Des obscurités subsistent concernant les interférences entre les deux familles et le statut des « mixtes » ; l'histoire du texte reste problématique en amont de l'an 900.},
	pages = {1--29},
	number = {1993},
	journaltitle = {Revue d'Histoire des Textes},
	author = {Bompaire, Jacques},
	urldate = {2023-10-11},
	date = {1993},
	note = {Publisher: Persée - Portail des revues scientifiques en {SHS}},
}

@article{bompaire_a_1993-1,
	title = {À la recherche du stemma des manuscrits grecs de Lucien. Contribution à l'histoire de la critique},
	volume = {23},
	rights = {free},
	url = {https://www.persee.fr/doc/rht_0373-6075_1993_num_23_1993_1385},
	doi = {10.3406/rht.1993.1385},
	abstract = {L'article retrace les étapes de la recherche conduite pendant les 130 dernières années afin de classer systématiquement les manuscrite de Lucien et d'établir leur stemma. Le véritable travail scientifique commence avec Siemonsen (1866). Les principaux apports sont ceux de Maass (1884), Rothstein (1888), Nilén (1906), Mras (1911), Macleod (1972), Coenen (1977). L'existence de deux familles est bien établie : famille β autour du Vindobonensis Β (privilégiée par les éditeurs du {XIXe} siècle) et famille γ autour du Vaticanus Γ (qu'on peut considérer comme la plus sûre). L'Harleianus E, le manuscrit d'Aréthas, joue un rôle charnière. Des obscurités subsistent concernant les interférences entre les deux familles et le statut des « mixtes » ; l'histoire du texte reste problématique en amont de l'an 900.},
	pages = {1--29},
	number = {1993},
	journaltitle = {Revue d'Histoire des Textes},
	author = {Bompaire, Jacques},
	urldate = {2023-10-11},
	date = {1993},
	note = {Publisher: Persée - Portail des revues scientifiques en {SHS}},
}

@article{ripoll_helene_2012,
	title = {Hélène Vial, La métamorphose dans les Métamorphoses d’Ovide. Étude sur l’art de la variation},
	rights = {https://creativecommons.org/licenses/by-nc-nd/4.0/},
	issn = {0031-0387},
	url = {https://journals.openedition.org/pallas/2616},
	doi = {10.4000/pallas.2616},
	abstract = {Aussi paradoxal que cela puisse paraître, ce qui est le sujet central des Métamorphoses d’Ovide, le phénomène de la métamorphose elle-même, n’avait fait l’objet jusqu’ici d’aucune étude d’ensemble, mais seulement de publications dispersées sous forme d’articles ou de chapitres d’ouvrages plus généraux. H. Vial a donc eu le courage de prendre à bras-le-corps ce problème central, et de produire une étude qui ne soit pas la simple compilation des travaux antérieurs, même si la prise en compte d’...},
	pages = {248--250},
	number = {88},
	journaltitle = {Pallas. Revue d'études antiques},
	author = {Ripoll, François},
	urldate = {2023-10-20},
	date = {2012-05-15},
	langid = {french},
	note = {{ISBN}: 9782810702183
Number: 88
Publisher: Presses universitaires du Mirail},
}

@article{casanova-robin_metamorphoses_2003,
	title = {De Métamorphoses en Métamorphoses. Un exemple d'intertextualité dans les Métamorphoses d'Apulée, l'évocation d'Actéon},
	volume = {169},
	rights = {free},
	url = {https://www.persee.fr/doc/vita_0042-7306_2003_num_169_1_1150},
	doi = {10.3406/vita.2003.1150},
	pages = {83--91},
	number = {1},
	journaltitle = {Vita Latina},
	author = {Casanova-Robin, Hélène},
	urldate = {2023-10-22},
	date = {2003},
	note = {Publisher: Persée - Portail des revues scientifiques en {SHS}},
}

@article{fick_posterite_2009,
	title = {La postérité des mythes grecs : Actéon chez Ovide et Apulée},
	rights = {https://creativecommons.org/licenses/by-nc-nd/4.0/},
	issn = {0031-0387},
	url = {https://journals.openedition.org/pallas/6679},
	doi = {10.4000/pallas.6679},
	shorttitle = {La postérité des mythes grecs},
	abstract = {Recensé, dans la Bibliothèque d’Apollodore, parmi les mythes fondateurs, l’histoire d’Actéon, le chasseur trop curieux, a connu, chez les Latins, grâce à Ovide, une fortune particulièrement féconde. Au {IIe} siècle, reprenant le thème dans ses Métamorphoses, Apulée fait sienne l’esthétique ovidienne du mouvement perpétuel, de la fragilité des apparences, mais en gauchit quelque peu la signification en l’orientant vers une mystique de la Beauté. Associant esthétique classique et héritage ovidien, il fait du reflet d’Actéon dans l’eau de la source le révélateur du sacrilège. L’art saisit ainsi la globalité du Réel en conjuguant la perception directe et son reflet, faisant par là même émerger le Vrai, c’est-à-dire la Beauté, dans la ligne la plus idéaliste du platonisme.},
	pages = {169--178},
	number = {81},
	journaltitle = {Pallas. Revue d'études antiques},
	author = {Fick, Nicole},
	urldate = {2023-10-22},
	date = {2009-12-31},
	langid = {french},
	note = {{ISBN}: 9782810700684
Number: 81
Publisher: Presses universitaires du Mirail},
	keywords = {beauté, imaginaire, maiestas, miroir, reflet, sensible, veritas, notion},
	file = {Full Text PDF:/Users/axelle/Zotero/storage/HBJGUT98/Fick - 2009 - La postérité des mythes grecs  Actéon chez Ovide .pdf:application/pdf},
}

@article{viarre_stephen_1989,
	title = {Stephen Hinds, The Metamorphosis of Persephone, Ovid and the self-conscious Muse},
	volume = {58},
	rights = {free},
	url = {https://www.persee.fr/doc/antiq_0770-2817_1989_num_58_1_2274_t1_0339_0000_1},
	pages = {339--340},
	number = {1},
	journaltitle = {L'Antiquité Classique},
	author = {Viarre, Simone},
	urldate = {2023-10-22},
	date = {1989},
	note = {Publisher: Persée - Portail des revues scientifiques en {SHS}},
	keywords = {notion},
}

@article{noauthor_femme_2001,
	title = {La femme dans les Métamorphoses d’Apulée : une descente dans l'animalité ?},
	volume = {33-34},
	url = {https://sciencepress.mnhn.fr/fr/periodiques/anthropozoologica/33-34/la-femme-dans-les-metamorphoses-d-apulee-une-descente-dans-l-animalite},
	shorttitle = {La femme dans les Métamorphoses d’Apulée},
	abstract = {Les Métamorphoses d\&\#39;Apulée formulent un véritable questionnement sur la condition humaine qui porte en particulier sur la place que doit occuper l\&\#39;être humain par rapport à l\&\#39;animal et à la divinité dans l\&\#39;univers. La réflexion sur la notion d\&\#39;animalité dans le comportement humain se développe à la fois dans la narration principale, par la métamorphose du héros-narrateur Lucius en âne, et dans la plupart des récits métadiégétiques où la relation amoureuse est en jeu et où la femme acquiert un statut de puissance funeste. Ce n\&\#39;est pas par l\&\#39;emploi d\&\#39;un champ lexical concernant l\&\#39;animal, mais par le recours à des mythes que le rapport entre la femme et l\&\#39;animal se met en place. En encadrant la métamorphose de Lucius en âne par le mythe de Diane et d\&\#39;Actéon et par le mythe de Psyché et de Cupidon, Apulée pressent et exploite l\&\#39;existence du lien entre violence, mort et sexualité, et fait d\&\#39;un certain type de personnage féminin - la magicienne - le symbole de l\&\#39;instinct incontrôlé qui entraîne fatalement les hommes à leur perte en les tirant vers la sphère de l\&\#39;animalité. De même qu\&\#39;Actéon, dans son désir coupable de voyeur, est transformé en l\&\#39;animal qu\&\#39;il portait déjà en lui, de même Lucius est métamorphosé en l\&\#39;animal priapique par excellence et devient l\&\#39;objet du désir féminin. Refusant de s\&\#39;accoupler avec une femme dans l\&\#39;amphithéâtre de Corinthe, il finit par refuser la confusion de l\&\#39;humain et de l\&\#39;animal - comble de l\&\#39;infamie -, et choisit de secouer le joug de sa condition servile d\&\#39;animal et de reconquérir la pleine souveraineté de soi sur soi. Mais cette chute dans l\&\#39;animalité a été nécessaire pour lui permettre de s\&\#39;élever vers la sphère du divin et d\&\#39;embrasser à la fin de l\&\#39;oeuvre la religion isiaque. Apulée se situe encore dans la lignée de la philosophie platonicienne en plaçant le héros face à lui-même et à la recherche de sa vérité qui passe par une différenciation entre l\&\#39;humain et l\&\#39;animal.},
	pages = {85--92},
	journaltitle = {Anthropozoologica},
	urldate = {2023-10-22},
	date = {2001},
	langid = {french},
	keywords = {notion},
	file = {Snapshot:/Users/axelle/Zotero/storage/YKKR892L/la-femme-dans-les-metamorphoses-d-apulee-une-descente-dans-l-animalite.html:text/html},
}

@book{levi_revelation_2014,
	location = {Paris, France},
	title = {La révélation finale à Rome: Cicéron, Ovide, Apulée},
	isbn = {978-2-84050-945-5},
	shorttitle = {La révélation finale à Rome},
	pagetotal = {537},
	publisher = {{PUPS}},
	author = {Lévi, Nicolas},
	date = {2014},
	note = {{ISSN}: 1954-0876
Type: Texte remanié de},
	keywords = {Apulée (0125?-0180?). Métamorphoses, Cicéron (0106-0043 av. J.-C.). De la république. Songe de Scipion, Fin (littérature), Littérature latine -- Thèmes, motifs, Ovide (0043 av. J.-C.-0017). Les métamorphoses, Révélation -- Dans la littérature, notion},
	file = {Library Catalog Entry Snapshot:/Users/axelle/Zotero/storage/5NHGHLGU/SRCH.html:text/html},
}

@book{hinds_metamorphosis_1987,
	title = {The Metamorphosis of Persephone: Ovid and the Self-conscious Muse},
	isbn = {978-0-521-33506-5},
	shorttitle = {The Metamorphosis of Persephone},
	abstract = {Ovid, a poet unashamedly in love in poetry, including his own, has enjoyed a recent renaissance in popularity. Yet there is still a certain tendency amongst critics to withhold from his writing the close, word-by-word, engagement which is its due. The primary aim of The Metamorphosis of Persephone is to celebrate this poet's detailed verbal art. Ovid twice treated the myth of Persephone. Dr Hinds' work is a close reading of the account in Metamorphoses 5. The book is at once a literary historical enquiry into the double transformation of the rape of Persephone, and a critical exploration of the self-conscious delight in language and in writing manifested in and between these twin Ovidian narratives. This attractively written and subtly nuanced literary study, which offers many quiet challenges to established modes of reading Latin narrative poetry, will be of interest both to scholars of Latin and to students of narrative in other languages.},
	pagetotal = {200},
	publisher = {Cambridge University Press},
	author = {Hinds, Stephen},
	date = {1987-09-03},
	langid = {english},
	note = {Google-Books-{ID}: o2o4ZiyIjmAC},
	keywords = {History / Ancient / General, Language Arts \& Disciplines / General, Literary Criticism / Ancient \& Classical, notion},
}

@book{noauthor_metamorphose_2010,
	title = {La métamorphose dans les Métamorphoses d'Ovide - Hélène Vial},
	isbn = {978-2-251-32879-9},
	url = {https://www.lesbelleslettres.com/livre/9782251328799/la-metamorphose-dans-les-metamorphoses-d-ovide},
	abstract = {Telle la facies non omnibus una, non diuersa tamen des Néréides (Mét., {II}, 13-14), l'écriture poétique des passages consacrés par Ovide à la métamorphose dans...},
	urldate = {2023-10-22},
	date = {2010-06-18},
	langid = {french},
	keywords = {notion},
	file = {Snapshot:/Users/axelle/Zotero/storage/EWATXG5T/la-metamorphose-dans-les-metamorphoses-d-ovide.html:text/html},
}

@book{vial_metamorphose_2021,
	location = {Paris},
	title = {La métamorphose dans les Métamorphoses d’Ovide : Étude sur l’art de la variation},
	rights = {https://www.openedition.org/12554},
	isbn = {978-2-251-91466-4},
	url = {http://books.openedition.org/lesbelleslettres/9234},
	series = {Études Anciennes},
	shorttitle = {La métamorphose dans les Métamorphoses d’Ovide},
	abstract = {Telle la facies non omnibus una, non diuersa tamen des Néréides (Mét., {II}, 13-14), l’écriture poétique des passages consacrés par Ovide à la métamorphose dans les Métamorphoses se caractérise par un équilibre subtil entre similitudes et dissemblances : ce qui semble devoir être toujours le même récit (celui du miracle de la transformation des corps, sujet unique et total annoncé dès les premiers vers et vertigineusement décliné jusqu’au uiuam final) n’est pourtant jamais semblable, tant l’art de la variation déploie de ressources, transformant chaque nouvelle évocation de la mutata forma en une expérience d’écriture et de lecture absolument singulière. C’est sur ces deux réalités poétiques jumelles, la métamorphose et la variatio, que porte la présente étude, attachée tout à la fois à en décrire les ressorts respectifs, à définir la nature du lien organique qui, au fil des vers, se noue entre elles et à analyser le rapport entre cette alliance et la conception ovidienne de l’écriture.},
	pagetotal = {528},
	publisher = {Les Belles Lettres},
	author = {Vial, Hélène},
	urldate = {2023-10-22},
	date = {2021-03-16},
	langid = {french},
	doi = {10.4000/books.lesbelleslettres.9234},
	note = {Code: La métamorphose dans les Métamorphoses d’Ovide : Étude sur l’art de la variation
Publication Title: La métamorphose dans les Métamorphoses d’Ovide : Étude sur l’art de la variation
Reporter: La métamorphose dans les Métamorphoses d’Ovide : Étude sur l’art de la variation
Series Title: Études Anciennes},
	keywords = {allégorie, animaux, divinités, interprétation, légende des origines, mythologie, notion},
}

@article{harrison_ovids_1996,
	title = {Ovid's Causes - K. S. Myers: Ovid's Causes: Cosmogony and Aetiology in the Metamorphoses. Pp. xvi+206. Ann Arbor: University of Michigan Press, 1994. Cased, \$34.50/£26.},
	volume = {46},
	issn = {0009-840X, 1464-3561},
	url = {https://www.cambridge.org/core/product/identifier/S0009840X00296455/type/journal_article},
	doi = {10.1093/cr/46.1.24},
	shorttitle = {Ovid's Causes - K. S. Myers},
	pages = {24--25},
	number = {1},
	journaltitle = {The Classical Review},
	shortjournal = {The Class. Rev.},
	author = {Harrison, S. J.},
	urldate = {2023-10-22},
	date = {1996-04},
	langid = {english},
	keywords = {notion},
	file = {Harrison - 1996 - Ovid's Causes - K. S. Myers Ovid's Causes Cosmog.pdf:/Users/axelle/Zotero/storage/NKCEKZZT/Harrison - 1996 - Ovid's Causes - K. S. Myers Ovid's Causes Cosmog.pdf:application/pdf},
}

@article{ripoll_helene_2012-1,
	title = {Hélène Vial, La métamorphose dans les Métamorphoses d’Ovide. Étude sur l’art de la variation},
	rights = {https://creativecommons.org/licenses/by-nc-nd/4.0/},
	issn = {0031-0387},
	url = {https://journals.openedition.org/pallas/2616},
	doi = {10.4000/pallas.2616},
	abstract = {Aussi paradoxal que cela puisse paraître, ce qui est le sujet central des Métamorphoses d’Ovide, le phénomène de la métamorphose elle-même, n’avait fait l’objet jusqu’ici d’aucune étude d’ensemble, mais seulement de publications dispersées sous forme d’articles ou de chapitres d’ouvrages plus généraux. H. Vial a donc eu le courage de prendre à bras-le-corps ce problème central, et de produire une étude qui ne soit pas la simple compilation des travaux antérieurs, même si la prise en compte d’...},
	pages = {248--250},
	number = {88},
	journaltitle = {Pallas. Revue d'études antiques},
	author = {Ripoll, François},
	urldate = {2023-10-22},
	date = {2012-05-15},
	langid = {french},
	note = {{ISBN}: 9782810702183
Number: 88
Publisher: Presses universitaires du Mirail},
	keywords = {notion},
	file = {Full Text PDF:/Users/axelle/Zotero/storage/AJ9VE8T3/Ripoll - 2012 - Hélène Vial, La métamorphose dans les Métamorphose.pdf:application/pdf},
}

@article{myers_ovids_1996,
	title = {Ovid's Causes: Cosmogony and Aetiology in the Metamorphoses,(Margaret Worsham Musgrove)},
	volume = {117},
	pages = {338--340},
	journaltitle = {American Journal of Philology},
	author = {Myers, K. S.},
	date = {1996},
	keywords = {notion},
}

@online{noauthor_hippodromus_nodate,
	title = {Hippodromus},
	url = {https://mediterranees.net/civilisation/Rich/Articles/Loisirs/Cirque/Hippodromus.html},
	urldate = {2023-11-04},
	file = {Hippodromus:/Users/axelle/Zotero/storage/L43W26GK/Hippodromus.html:text/html},
}

@article{casanova-robin_acteovidien_2002,
	title = {L'Actéon ovidien : un voyeur sans regard},
	volume = {61},
	rights = {free},
	url = {https://www.persee.fr/doc/bude_1247-6862_2002_num_61_4_2476},
	doi = {10.3406/bude.2002.2476},
	shorttitle = {L'Actéon ovidien},
	pages = {36--48},
	number = {4},
	journaltitle = {Bulletin de l'Association Guillaume Budé},
	author = {Casanova-Robin, Hélène},
	urldate = {2023-11-11},
	date = {2002},
	note = {Publisher: Persée - Portail des revues scientifiques en {SHS}},
	keywords = {notion},
}

@online{noauthor_acteovidien_nodate,
	title = {L'Actéon ovidien : un voyeur sans regard - Persée},
	url = {https://www.persee.fr/doc/bude_1247-6862_2002_num_61_4_2476},
	urldate = {2023-11-11},
	keywords = {notion},
	file = {L'Actéon ovidien \: un voyeur sans regard - Persée:/Users/axelle/Zotero/storage/YBRGBWIG/bude_1247-6862_2002_num_61_4_2476.html:text/html},
}

@online{noauthor_httpswwwperseefrdocaspdfvita_0042-7306_2003_num_169_1_1150pdf_nodate,
	title = {https://www.persee.fr/{docAsPDF}/vita\_0042-7306\_2003\_num\_169\_1\_1150.pdf},
	url = {https://www.persee.fr/docAsPDF/vita_0042-7306_2003_num_169_1_1150.pdf},
	urldate = {2023-11-12},
	keywords = {notion},
}

@article{casanova-robin_metamorphoses_2003-1,
	title = {De Métamorphoses en Métamorphoses. Un exemple d'intertextualité dans les Métamorphoses d'Apulée, l'évocation d'Actéon},
	volume = {169},
	issn = {0042-7306},
	url = {https://www.persee.fr/doc/vita_0042-7306_2003_num_169_1_1150},
	doi = {10.3406/vita.2003.1150},
	pages = {83--91},
	number = {1},
	journaltitle = {Vita Latina},
	shortjournal = {vita},
	author = {Casanova-Robin, Hélène},
	urldate = {2023-11-12},
	date = {2003},
	langid = {french},
	keywords = {notion},
}

@online{redaction_stylo_2020,
	title = {Stylo, un éditeur de texte pour les {SHS} disponible chez Huma-Num},
	url = {https://humanum.hypotheses.org/6311},
	abstract = {L’offre des services d’Huma-Num s’est enrichie depuis le 1er octobre du nouvel outil Stylo, un éditeur de texte scientifique conçu spécialement pour les {SHS}. Stylo est connecté à {HumanID} et accessible à tous les utilisateurs et utilisatrices ayant un compte à Huma-Num. Stylo a été...},
	titleaddon = {Le blog d'Huma-Num et de ses consortiums},
	type = {Billet},
	author = {rédaction},
	urldate = {2023-11-19},
	date = {2020-12-01},
	langid = {french},
	file = {Snapshot:/Users/axelle/Zotero/storage/F2L8MLKJ/6311.html:text/html},
}

@online{redaction_stylo_2020-1,
	title = {Stylo, un éditeur de texte pour les {SHS} disponible chez Huma-Num},
	url = {https://humanum.hypotheses.org/6311},
	abstract = {L’offre des services d’Huma-Num s’est enrichie depuis le 1er octobre du nouvel outil Stylo, un éditeur de texte scientifique conçu spécialement pour les {SHS}. Stylo est connecté à {HumanID} et accessible à tous les utilisateurs et utilisatrices ayant un compte à Huma-Num. Stylo a été...},
	titleaddon = {Le blog d'Huma-Num et de ses consortiums},
	type = {Billet},
	author = {rédaction},
	urldate = {2023-11-19},
	date = {2020-12-01},
	langid = {french},
	file = {Snapshot:/Users/axelle/Zotero/storage/9L9PUWKE/6311.html:text/html},
}

@thesis{tronchet_metamorphose_1997,
	title = {La métamorphose à l'œuvre : recherches sur la poétique d'Ovide dans "les Métamorphoses"},
	rights = {Licence Etalab},
	url = {https://www.theses.fr/1997REIML002},
	shorttitle = {La métamorphose à l'œuvre},
	abstract = {Le projet d’Ovide, en écrivant les Métamorphoses, était d'agencer en un récit continu une foule d'histoires mythiques, centrées sur une ou plusieurs transformations surnaturelles. Le poète a construit avec soin cette chaine d'évènements pour aboutir a une fiction qui mène de la naissance de l'univers jusqu'a sa propre époque. En même temps, il exhibe sans cesse la part de jeu que comporte son entreprise, manifestant avec humour les procédés auxquels il a eu recours. La recherche consiste a décrire précisément cette démarche, en utilisant des instruments d'analyse modernes, comme ceux de la narratologie. Cela permet d'envisager les rapports entre la construction narrative des métamorphoses et les multiples similitudes qui créent tout un réseau de correspondances a travers le poème et déterminent une logique différente, échappant a la linéarité du récit. Pour atteindre ces objectifs, cinq étapes se succèdent : - les modèles poétiques dont Ovide s'inspire ou se démarque pour édifier un récit qui commence a la création du monde et s'achève sous le règne d'auguste. - les ressources thématiques et narratives mobilisées pour donner une impression de durée, de successivité, a une suite de légendes souvent dépourvues de liens préalables. - la découpe et l'économie du récit, depuis la définition des unités de base jusqu'aux regroupements narratifs les plus vastes qui en structurent le déroulement global. - la cohésion de l'ensemble avec le rôle joue par les transitions entre les diverses parties et l'explication des ruptures apparentes qui surgissent dans l'enchainement. - le réseau des corrélations thématiques et littérales entre les épisodes, aptes a susciter d'innombrables effets de sens, indépendamment du contexte narratif.},
	institution = {Reims},
	type = {These de doctorat},
	author = {Tronchet, Gilles},
	editora = {Néraudau, Jean-Pierre},
	editoratype = {collaborator},
	urldate = {2023-11-25},
	date = {1997-01-01},
	keywords = {Intertextualité, Ovide (0043 av. J.-C.-0017). Les métamorphoses, Mise en abyme (littérature), Mythologie romaine, Ovide (0043 av. J.-C.-0017) -- Poésie, notion},
}

@article{letoublon_gilles_2001,
	title = {Gilles Tronchet, La Métamorphose à l'œuvre. Recherches sur la poétique d'Ovide dans les Métamorphoses},
	volume = {5},
	rights = {free},
	url = {https://www.persee.fr/doc/gaia_1287-3349_2001_num_5_1_1371_t1_0225_0000_2},
	pages = {225--226},
	number = {1},
	journaltitle = {{GAIA}. Revue interdisciplinaire sur la Grèce ancienne},
	author = {Létoublon, Françoise},
	urldate = {2023-12-21},
	date = {2001},
	note = {Company: Persée - Portail des revues scientifiques en {SHS}
Distributor: Persée - Portail des revues scientifiques en {SHS}
Institution: Persée - Portail des revues scientifiques en {SHS}
Label: Persée - Portail des revues scientifiques en {SHS}
Publisher: Ellug - Éditions littéraires et linguistiques de l'Université de Grenoble},
	keywords = {notion},
}

@article{darnis_question_2019,
	title = {La question des humanités numériques et scientifiques, l’Italie et les études italiennes},
	rights = {https://creativecommons.org/licenses/by-nc-nd/4.0/},
	issn = {0395-9317},
	url = {https://journals.openedition.org/cdlm/11639},
	doi = {10.4000/cdlm.11639},
	abstract = {La question des interactions et de la correspondance entre humanités et numérique se pose de façon croissante. L’approche des humanités numériques appliquées à l’Italie nous permet de renouveler la « question italienne », entre identité et histoire. Le constant d’une translation identitaire par le biais du numérique ne fait qu’ouvrir les perspectives d’un champ de recherche. Différents acteurs italiens, publics et privés, se sont engagés dans des redéfinitions de l’homme face à la machine. Par exemple nous voyons émerger, en Italie comme ailleurs, des débats à propos des dangers de la technologie pour la protection des libertés et des droits. Ainsi l’approche des humanités numériques et scientifiques apparait comme un champ d’observation et d’analyse remarquable pour appréhender l’évolution de la société italienne. Et cette correspondance à construire entre humanités numériques et scientifiques et études italiennes ouvre des perspectives pour l’enseignement et la recherche dans ces deux champs.},
	pages = {249--259},
	number = {98},
	journaltitle = {Cahiers de la Méditerranée},
	author = {Darnis, Jean-Pierre},
	urldate = {2023-12-24},
	date = {2019-06-15},
	langid = {french},
	note = {Number: 98
Publisher: Centre de la Méditerranée moderne et contemporaine},
	keywords = {Humanités numériques, Italie, technologie},
	file = {Full Text PDF:/Users/axelle/Zotero/storage/VNX6BW2W/Darnis - 2019 - La question des humanités numériques et scientifiq.pdf:application/pdf},
}

@article{lamarque_remarques_1972,
	title = {Remarques sur la tempête des Tristes},
	volume = {19},
	rights = {free},
	url = {https://www.persee.fr/doc/palla_0031-0387_1972_num_19_4_1056},
	doi = {10.3406/palla.1972.1056},
	pages = {75--89},
	number = {4},
	journaltitle = {Pallas. Revue d'études antiques},
	author = {Lamarque, Henri},
	urldate = {2024-01-14},
	date = {1972},
	note = {Company: Persée - Portail des revues scientifiques en {SHS}
Distributor: Persée - Portail des revues scientifiques en {SHS}
Institution: Persée - Portail des revues scientifiques en {SHS}
Label: Persée - Portail des revues scientifiques en {SHS}
Publisher: Presses Universitaires du Midi},
}

@mvbook{ovide_metamorphoses_2017,
	location = {Paris},
	title = {Les métamorphoses},
	isbn = {979-10-93606-99-6},
	volumes = {1},
	publisher = {Éditions de l'Ogre},
	author = {Ovide},
	editor = {Lafaye, Georges},
	editora = {Judet de La Combe, Pierre},
	editoratype = {collaborator},
	translator = {Cosnay, Marie},
	date = {2017},
	note = {Country: {FR}
22 cm. Glossaire.},
	keywords = {notion},
}

@online{noauthor_professor_nodate,
	title = {Professor Eleanor Dickey - Department of Classics},
	url = {https://www.reading.ac.uk/classics/staff/eleanor-dickey-fba},
	urldate = {2024-04-26},
	file = {Professor Eleanor Dickey - Department of Classics:/Users/axelle/Zotero/storage/TUK27N8Z/eleanor-dickey-fba.html:text/html},
}

@online{noauthor_professor_nodate-1,
	title = {Professor Eleanor Dickey - Department of Classics},
	url = {https://www.reading.ac.uk/classics/staff/eleanor-dickey-fba},
	urldate = {2024-04-26},
	file = {Professor Eleanor Dickey - Department of Classics:/Users/axelle/Zotero/storage/WGWKPE9F/eleanor-dickey-fba.html:text/html},
}

@online{lamm_adam_nodate,
	title = {Adam Curtis : «Nous vivons dans un monde où il manque l’histoire de ce qui nous est arrivé»},
	url = {https://www.liberation.fr/culture/cinema/adam-curtis-nous-vivons-dans-un-monde-ou-il-manque-lhistoire-de-ce-qui-nous-est-arrive-20221125_LVSZXC6JDZE7VB35ZO6MORW4EM/},
	shorttitle = {Adam Curtis},
	abstract = {Essor de l’individualisme, théories du complot, perte des repères… Les documentaires du journaliste britannique déchiffrent les dysfonctionnements du monde depuis l’après-guerre. Rencontre avec une figure de la contre-culture populaire.},
	titleaddon = {Libération},
	author = {Lamm, Olivier},
	urldate = {2024-09-04},
	langid = {french},
	note = {Section: Cinéma},
	file = {Snapshot:/Users/axelle/Zotero/storage/2MBJJJWZ/adam-curtis-nous-vivons-dans-un-monde-ou-il-manque-lhistoire-de-ce-qui-nous-est-arrive-20221125.html:text/html},
}

@online{faure_nouvelles_nodate,
	title = {Les nouvelles guerres coloniales},
	url = {https://www.liberation.fr/debats/2016/06/29/les-nouvelles-guerres-coloniales_1462933/},
	abstract = {Que reste-t-il du passé colonial de la France ? Pour les uns, il est une clé pour comprendre les crispations identitaires, pour les autres, il alimente les conflits. Le débat est explosif.},
	titleaddon = {Libération},
	author = {Faure, Sonya},
	urldate = {2024-09-04},
	langid = {french},
	note = {Section: Opinions},
	file = {Snapshot:/Users/axelle/Zotero/storage/N4LAZ6IS/les-nouvelles-guerres-coloniales_1462933.html:text/html},
}

@misc{silcock_newswire_2024,
	title = {Newswire: A Large-Scale Structured Database of a Century of Historical News},
	url = {http://arxiv.org/abs/2406.09490},
	shorttitle = {Newswire},
	abstract = {In the U.S. historically, local newspapers drew their content largely from newswires like the Associated Press. Historians argue that newswires played a pivotal role in creating a national identity and shared understanding of the world, but there is no comprehensive archive of the content sent over newswires. We reconstruct such an archive by applying a customized deep learning pipeline to hundreds of terabytes of raw image scans from thousands of local newspapers. The resulting dataset contains 2.7 million unique public domain U.S. newswire articles, written between 1878 and 1977. Locations in these articles are georeferenced, topics are tagged using customized neural topic classification, named entities are recognized, and individuals are disambiguated to Wikipedia using a novel entity disambiguation model. To construct the Newswire dataset, we first recognize newspaper layouts and transcribe around 138 millions structured article texts from raw image scans. We then use a customized neural bi-encoder model to de-duplicate reproduced articles, in the presence of considerable abridgement and noise, quantifying how widely each article was reproduced. A text classifier is used to ensure that we only include newswire articles, which historically are in the public domain. The structured data that accompany the texts provide rich information about the who (disambiguated individuals), what (topics), and where (georeferencing) of the news that millions of Americans read over the course of a century. We also include Library of Congress metadata information about the newspapers that ran the articles on their front pages. The Newswire dataset is useful both for large language modeling - expanding training data beyond what is available from modern web texts - and for studying a diversity of questions in computational linguistics, social science, and the digital humanities.},
	number = {{arXiv}:2406.09490},
	publisher = {{arXiv}},
	author = {Silcock, Emily and Arora, Abhishek and D'Amico-Wong, Luca and Dell, Melissa},
	urldate = {2024-09-05},
	date = {2024-06-13},
	langid = {english},
	eprinttype = {arxiv},
	eprint = {2406.09490 [cs, econ, q-fin]},
	keywords = {Computer Science - Computation and Language, Economics - General Economics},
	file = {Silcock et al. - 2024 - Newswire A Large-Scale Structured Database of a C.pdf:/Users/axelle/Zotero/storage/GCCIKNIZ/Silcock et al. - 2024 - Newswire A Large-Scale Structured Database of a C.pdf:application/pdf},
}

@article{berra_pour_2015,
	title = {Pour une histoire des humanités numériques:},
	volume = {n° 819-820},
	issn = {0011-1600},
	url = {https://www.cairn.info/revue-critique-2015-8-page-613.htm?ref=doi},
	doi = {10.3917/criti.819.0613},
	shorttitle = {Pour une histoire des humanités numériques},
	pages = {613--626},
	number = {8},
	journaltitle = {Critique},
	author = {Berra, Aurélien},
	urldate = {2024-09-05},
	date = {2015-08-19},
	langid = {french},
	file = {Berra - 2015 - Pour une histoire des humanités numériques.pdf:/Users/axelle/Zotero/storage/4B84QR9K/Berra - 2015 - Pour une histoire des humanités numériques.pdf:application/pdf},
}

@article{badel_recherche_2023,
	title = {Recherche pax romana désespérément},
	rights = {https://creativecommons.org/licenses/by/4.0/},
	issn = {0765-0590},
	url = {https://journals.openedition.org/kentron/6926#tocto1n3},
	doi = {10.4000/kentron.6926},
	abstract = {Durant la République romaine, la paix ne représentait pas un état mais un moment, la signature d’un traité avec un ennemi vaincu, et Rome fut toujours en guerre à cette époque. À la suite des guerres civiles, Auguste fit de la paix un idéal de gouvernement mais les documents officiels (monnaies et inscriptions) valorisèrent le rôle pacificateur de l’empereur surtout à partir des Flaviens et plus encore des Sévères. Il n’est pas facile de distinguer la paix de la victoire car leurs bienfaits sont similaires, sécurité et prospérité. Qualifiée de Pax Augusta par les documents officiels, la paix apparaît comme l’œuvre de l’empereur et la formule Pax Aeterna fait référence à l’Aeternitas impériale. Assez rare, l’expression Pax Romana désigne en général la paix imposée par Rome à ses ennemis et ne prend un sens plus large que chez Sénèque, Pline l’Ancien et Martial. Elle désigne alors l’Imperium Romanum et non pas un concept politique spécifique, comme l’estiment les historiens modernes. Les Romains ne connurent qu’une paix : la Pax Augusta.},
	pages = {153--164},
	number = {38},
	journaltitle = {Kentron. Revue pluridisciplinaire du monde antique},
	author = {Badel, Christophe},
	urldate = {2024-09-11},
	date = {2023-12-31},
	langid = {french},
	note = {{ISBN}: 9782381852362
Number: 38
Publisher: Presses universitaires de Caen},
	keywords = {Victoire},
	file = {Full Text PDF:/Users/axelle/Zotero/storage/RL53ZHJG/Badel - 2023 - Recherche pax romana désespérément.pdf:application/pdf},
}

@online{noauthor_introduction_nodate,
	title = {Introduction – R for Data Science (2e)},
	url = {https://r4ds.hadley.nz/intro.html},
	urldate = {2024-09-16},
	file = {Introduction – R for Data Science (2e):/Users/axelle/Zotero/storage/JIX73KG9/intro.html:text/html},
}

@article{arcellaschi_lucrece_2007,
	title = {Lucrèce, De Rerum Natura, Livre I},
	rights = {free},
	url = {https://www.persee.fr/doc/vita_0042-7306_2007_num_176_1_1234},
	doi = {10.3406/vita.2007.1234},
	author = {Arcellaschi, André},
	urldate = {2024-09-19},
	date = {2007},
	note = {Publisher: Persée - Portail des revues scientifiques en {SHS}},
}

@article{arcellaschi_lucrece_2007-1,
	title = {Lucrèce, De Rerum Natura, Livre I},
	volume = {176},
	issn = {0042-7306},
	url = {https://www.persee.fr/doc/vita_0042-7306_2007_num_176_1_1234},
	doi = {10.3406/vita.2007.1234},
	pages = {87--92},
	number = {1},
	journaltitle = {Vita Latina},
	shortjournal = {vita},
	author = {Arcellaschi, André},
	urldate = {2024-09-19},
	date = {2007},
	langid = {french},
	file = {Arcellaschi - 2007 - Lucrèce, De Rerum Natura, Livre I.pdf:/Users/axelle/Zotero/storage/WHVW2BPF/Arcellaschi - 2007 - Lucrèce, De Rerum Natura, Livre I.pdf:application/pdf},
}

@article{stokes_introduction_2019,
	title = {Introduction aux humanités numériques},
	issn = {0292-0980, 1969-6310},
	url = {http://journals.openedition.org/ashp/3276},
	doi = {10.4000/ashp.3276},
	pages = {495--496},
	number = {150},
	journaltitle = {École pratique des hautes études. Section des sciences historiques et philologiques. Livret-Annuaire},
	shortjournal = {ashp},
	author = {Stokes, Peter A.},
	urldate = {2024-09-24},
	date = {2019-09-01},
	langid = {french},
	file = {Stokes - 2019 - Introduction aux humanités numériques.pdf:/Users/axelle/Zotero/storage/NFEMU4VX/Stokes - 2019 - Introduction aux humanités numériques.pdf:application/pdf},
}

@collection{mounier_readwrite_2012,
	location = {Marseille},
	title = {Read/Write Book 2: Une introduction aux humanités numériques},
	rights = {https://creativecommons.org/licenses/by-nc-nd/4.0/},
	isbn = {978-2-8218-1324-3 978-2-8218-1325-0},
	url = {https://books.openedition.org/oep/226},
	shorttitle = {Read/Write Book 2},
	abstract = {Qu’est-ce que les humanités numériques ? 
 
	Apparue en 2006, l’expression connaît depuis un véritable succès. Mais au-delà du slogan à la mode, quelle est la réalité des pratiques qu’il désigne ? Si tout le monde s’accorde sur une définition minimale à l’intersection des technologies numériques et des sciences humaines et sociales, les vues divergent lorsqu’on entre dans le vif du sujet. Les humanités numériques représentent-elles une véritable révolution des pratiques de recherche et des paradigmes intellectuels qui les fondent ou, plus simplement, une optimisation des méthodes existantes ? Constituent-elles un champ suffisamment structuré pour justifier une réforme des modes de financement de la recherche, des cursus de formation, des critères d’évaluation ? L’archive numérique offre-t-elle à la recherche suffisamment de garanties ? Quelle place la recherche « dirigée par les données » laisse-t-elle à l’interprétation ? Telles sont quelques-unes des questions abordées par ce deuxième opus de la collection « Read/Write Book ». 
 
	Ces dix-huit textes essentiels, rédigés ou traduits en français par des chercheurs de différentes nationalités, proposent une introduction aux humanités numériques accessible à tous ceux qui souhaitent en savoir plus sur ce domaine de recherche en constante évolution.},
	publisher = {{OpenEdition} Press},
	editor = {Mounier, Pierre},
	urldate = {2024-09-24},
	date = {2012},
	langid = {french},
	doi = {10.4000/books.oep.226},
	file = {Mounier - 2012 - ReadWrite Book 2 Une introduction aux humanités .pdf:/Users/axelle/Zotero/storage/BPTM4BRM/Mounier - 2012 - ReadWrite Book 2 Une introduction aux humanités .pdf:application/pdf},
}

@book{hooland_introduction_2016,
	title = {Introduction aux humanités numériques : méthodes et pratiques. Sciences humaines et sociales},
	isbn = {978-2-8073-0215-0},
	url = {https://shs.cairn.info/introduction-aux-humanites-numeriques-methodes--9782807302150?lang=fr},
	shorttitle = {Introduction aux humanités numériques},
	publisher = {De Boeck Supérieur},
	author = {Hooland, Seth van and Gillet, Florence and Hengchen, Simon and Wilde, Max De},
	urldate = {2024-09-24},
	date = {2016},
	langid = {french},
	doi = {10.3917/dbu.dewi.2016.01},
}

@article{vial_fee_nodate,
	title = {La ``fée des métamorphoses'': Circé dans le livre {XIV} des Métamorphoses},
	author = {Vial, Hélène},
	langid = {french},
	keywords = {notion},
	file = {Vial - La ``fée des métamorphoses'' Circé dans le livre .pdf:/Users/axelle/Zotero/storage/7SS2I379/Vial - La ``fée des métamorphoses'' Circé dans le livre .pdf:application/pdf},
}

@article{harrison_horace_1988,
	title = {Horace, \textit{Odes} 3.7: An Erotic \textit{Odyssey} ?},
	volume = {38},
	rights = {https://www.cambridge.org/core/terms},
	issn = {0009-8388, 1471-6844},
	url = {https://www.cambridge.org/core/product/identifier/S0009838800031396/type/journal_article},
	doi = {10.1017/S0009838800031396},
	shorttitle = {Horace, \textit{Odes} 3.7},
	abstract = {Horace's Asterie ode (3.7) has been somewhat neglected by critics. Fraenkel, uninterested in the erotic odes, fails to mention it, and others see it as merely counterbalancing the preceding six Roman Odes by its frivolity and light irony. However, it is one of Horace's most subtle and best-organized erotic odes, matching the more obvious conventions of Latin love-elegy with a romanticized
              Odyssey
              as an underlying framework.},
	pages = {186--192},
	number = {1},
	journaltitle = {The Classical Quarterly},
	shortjournal = {The Class. Q.},
	author = {Harrison, S. J.},
	urldate = {2024-10-16},
	date = {1988-01},
	langid = {english},
	file = {Harrison - 1988 - Horace, Odes 3.7 An Erotic Odyssey .pdf:/Users/axelle/Zotero/storage/B8TBRVCE/Harrison - 1988 - Horace, Odes 3.7 An Erotic Odyssey .pdf:application/pdf},
}

@incollection{parent_xvi_2023,
	location = {Paris},
	title = {{XVI}. Parler en r(R)omain pour construire la France moderne : l’influence du latin sur l’éloquence révolutionnaire},
	isbn = {979-10-370-2946-1},
	url = {https://shs.cairn.info/article/HERM_PAVY_2023_01_0291?lang=fr},
	series = {Les collections de la République des Lettres},
	pages = {291--306},
	booktitle = {Images des langues, langues imaginées},
	publisher = {Hermann},
	author = {Parent, Hélène},
	date = {2023},
	langid = {french},
	doi = {10.3917/herm.pavy.2023.01.0291},
}

@article{chiron_rhetorique_2023,
	title = {La rhétorique ancienne dans l’éducation d’aujourd’hui},
	volume = {N° 1},
	url = {https://shs.cairn.info/revue-pedagogia-2023-1-page-57?lang=fr},
	doi = {10.3917/peda.001.0057},
	abstract = {Notre contribution vise à montrer que l’apprentissage de la rhétorique pourrait être un moyen efficace de refonder la démocratie à une époque – la nôtre – où celle-ci connaît une grave crise, attaquée par des régimes illibéraux ou despotiques et des techniques de manipulation extrêmement efficaces. Cette rhétorique dont nous parlons est la rhétorique classique, dont la naissance et le développement sont indissolublement liés à la première expérience démocratique faite dans la Grèce des 5e et 4e siècles avant J.-C. Son héritage est d’autant plus précieux qu’il a été transmis sous la double forme d’un riche corpus de discours et d’un traité écrit par un philosophe : Aristote. À condition d’être mis en perspective et adapté, cet héritage peut aujourd’hui encore nourrir nos pratiques et enrichir notre réflexion sur une technique dont les Anciens se plaisaient à souligner le caractère à la fois indispensable aux régimes qui font de la parole – et non de la force – l’instrument du pouvoir et une pratique d’autant moins dangereuse qu’elle est davantage partagée.},
	pages = {57--72},
	number = {1},
	journaltitle = {Management \& Avenir - {PedagogiA}},
	shortjournal = {Management \& Avenir - {PedagogiA}},
	author = {Chiron, Pierre},
	date = {2023},
	langid = {french},
	note = {Place: Soliers
Publisher: Management Prospective Editions},
}

@article{fredouille_apologetique_1995,
	title = {L'apologétique chrétienne antique : métamorphoses d'un genre polymorphe},
	volume = {41},
	issn = {1768-9260, 2428-3606},
	url = {https://www.brepolsonline.net/doi/10.1484/J.REA.5.104728},
	doi = {10.1484/J.REA.5.104728},
	shorttitle = {L'apologétique chrétienne antique},
	pages = {201--216},
	number = {2},
	journaltitle = {Revue d'Etudes Augustiniennes et Patristiques},
	shortjournal = {Revue d'Etudes Augustiniennes et Patristiques},
	author = {Fredouille, J.-C.},
	urldate = {2024-10-18},
	date = {1995-01},
	langid = {french},
	keywords = {notion},
	file = {Fredouille - 1995 - L'apologétique chrétienne antique  métamorphoses .pdf:/Users/axelle/Zotero/storage/829WCQH3/Fredouille - 1995 - L'apologétique chrétienne antique  métamorphoses .pdf:application/pdf},
}

@article{darbo-peschanski_metamorphoses_nodate,
	title = {Métamorphoses du mythe en Grèce antique. Édition de C. Calame},
	journaltitle = {Revue de l'Histoire des Religions},
	author = {Darbo-Peschanski, Catherine},
	langid = {french},
	keywords = {notion},
	file = {Darbo-Peschanski - Métamorphoses du mythe en Grèce antique. Édition d.pdf:/Users/axelle/Zotero/storage/N7IIIMXG/Darbo-Peschanski - Métamorphoses du mythe en Grèce antique. Édition d.pdf:application/pdf},
}

@article{dorly_daphne_2019,
	title = {Daphné : Un mythe de métamorphose, métamorphoses d’un mythe:},
	volume = {N° 150},
	issn = {0984-8207},
	url = {https://www.cairn.info/revue-cahiers-jungiens-de-psychanalyse-2019-2-page-49.htm?ref=doi},
	doi = {10.3917/cjung.150.0049},
	shorttitle = {Daphné},
	abstract = {Le mythe de Daphné est envisagé à travers son expression dans des créations musicales : un opéra vénitien du {XVII} e siècle, Gli amori d’Apollo e di Dafne , de Cavalli, une cantate du début du {XVIII} e siècle, Apollo e Dafne , de Haendel et un opéra dont la création date de 1938 : Daphne , de Richard Strauss. Le thème de la métamorphose est traité dans ses nombreuses variations à partir du noyau du mythe tel qu’il a été écrit par Ovide.},
	pages = {49--67},
	number = {2},
	journaltitle = {Cahiers jungiens de psychanalyse},
	author = {Dorly, Claire},
	urldate = {2024-10-18},
	date = {2019-12-17},
	langid = {french},
	keywords = {notion},
	file = {Dorly - 2019 - Daphné  Un mythe de métamorphose, métamorphoses d.pdf:/Users/axelle/Zotero/storage/7NU35TNA/Dorly - 2019 - Daphné  Un mythe de métamorphose, métamorphoses d.pdf:application/pdf},
}

@article{dorly_daphne_2019-1,
	title = {Daphné : Un mythe de métamorphose, métamorphoses d’un mythe:},
	volume = {N° 150},
	issn = {0984-8207},
	url = {https://www.cairn.info/revue-cahiers-jungiens-de-psychanalyse-2019-2-page-49.htm?ref=doi},
	doi = {10.3917/cjung.150.0049},
	shorttitle = {Daphné},
	abstract = {Le mythe de Daphné est envisagé à travers son expression dans des créations musicales : un opéra vénitien du {XVII} e siècle, Gli amori d’Apollo e di Dafne , de Cavalli, une cantate du début du {XVIII} e siècle, Apollo e Dafne , de Haendel et un opéra dont la création date de 1938 : Daphne , de Richard Strauss. Le thème de la métamorphose est traité dans ses nombreuses variations à partir du noyau du mythe tel qu’il a été écrit par Ovide.},
	pages = {49--67},
	number = {2},
	journaltitle = {Cahiers jungiens de psychanalyse},
	author = {Dorly, Claire},
	urldate = {2024-10-18},
	date = {2019-12-17},
	langid = {french},
	file = {Dorly - 2019 - Daphné  Un mythe de métamorphose, métamorphoses d.pdf:/Users/axelle/Zotero/storage/S2JQKL7G/Dorly - 2019 - Daphné  Un mythe de métamorphose, métamorphoses d.pdf:application/pdf},
}

@article{frontisi-ducroux_invention_2009,
	title = {L'invention de la métamorphose:},
	volume = {n° 64},
	issn = {1144-0821},
	url = {https://www.cairn.info/revue-rue-descartes-2009-2-page-8.htm?ref=doi},
	doi = {10.3917/rdes.064.0008},
	shorttitle = {L'invention de la métamorphose},
	pages = {8--22},
	number = {2},
	journaltitle = {Rue Descartes},
	author = {Frontisi-Ducroux, Françoise},
	urldate = {2024-10-18},
	date = {2009-06-01},
	langid = {french},
	keywords = {notion},
	file = {Frontisi-Ducroux - 2009 - L'invention de la métamorphose.pdf:/Users/axelle/Zotero/storage/C8PBN287/Frontisi-Ducroux - 2009 - L'invention de la métamorphose.pdf:application/pdf},
}

@article{fay_a_nodate,
	title = {À {PROPOS} {DES} {MÉTAMORPHOSES} D’{OVIDE}},
	number = {106},
	author = {Fay, Pénélope},
	langid = {french},
	keywords = {notion},
	file = {Fay - À PROPOS DES MÉTAMORPHOSES D’OVIDE.pdf:/Users/axelle/Zotero/storage/LLGQ5876/Fay - À PROPOS DES MÉTAMORPHOSES D’OVIDE.pdf:application/pdf},
}

@article{levi_rervm_2011,
	title = {Le De Rervm Natvra de Lucrèce, ou la subversion épicurienne de la révélation pythagoricienne des Annales d'Ennius:},
	volume = {Tome {LXXXII}},
	issn = {0035-1652},
	url = {https://www.cairn.info/revue-de-philologie-litterature-et-histoire-anciennes-2008-1-page-113.htm?ref=doi},
	doi = {10.3917/phil.821.0113},
	shorttitle = {Le De Rervm Natvra de Lucrèce, ou la subversion épicurienne de la révélation pythagoricienne des Annales d'Ennius},
	abstract = {Résumé 			 Au livre I du De rerum natura (v. 112-126), Lucrèce fait allusion au prologue des Annales d’Ennius, où ce dernier faisait le récit d’un songe oraculaire au cours duquel l’ombre d’Homère lui apparaissait pour lui faire une révélation de nature pythagoricienne sur les secrets de l’âme et de l’univers. Cet article se propose de montrer que l’évocation qu’en fait Lucrèce, placée sous le double signe du rejet doctrinal et de l’admiration poétique, est le point de départ d’une dynamique qui traverse l’ensemble du De rerum natura  : en effet, le poème philosophique de Lucrèce, tout en condamnant le pythagorisme sur la question de l’âme, subvertit son symbolisme religieux en le transposant vers la seule « révélation » authentique – celle de l’épicurisme – et vers le vrai dieu – Épicure.},
	pages = {113--132},
	number = {1},
	journaltitle = {Revue de philologie, de littérature et d'histoire anciennes},
	author = {Lévi, Nicolas},
	urldate = {2024-10-18},
	date = {2011-01-10},
	langid = {french},
	file = {Lévi - 2011 - Le De Rervm Natvra de Lucrèce, ou la subversion ép.pdf:/Users/axelle/Zotero/storage/KCIAX7JG/Lévi - 2011 - Le De Rervm Natvra de Lucrèce, ou la subversion ép.pdf:application/pdf},
}

@article{levi_rervm_2011-1,
	title = {Le De Rervm Natvra de Lucrèce, ou la subversion épicurienne de la révélation pythagoricienne des Annales d'Ennius:},
	volume = {Tome {LXXXII}},
	issn = {0035-1652},
	url = {https://www.cairn.info/revue-de-philologie-litterature-et-histoire-anciennes-2008-1-page-113.htm?ref=doi},
	doi = {10.3917/phil.821.0113},
	shorttitle = {Le De Rervm Natvra de Lucrèce, ou la subversion épicurienne de la révélation pythagoricienne des Annales d'Ennius},
	abstract = {Résumé 			 Au livre I du De rerum natura (v. 112-126), Lucrèce fait allusion au prologue des Annales d’Ennius, où ce dernier faisait le récit d’un songe oraculaire au cours duquel l’ombre d’Homère lui apparaissait pour lui faire une révélation de nature pythagoricienne sur les secrets de l’âme et de l’univers. Cet article se propose de montrer que l’évocation qu’en fait Lucrèce, placée sous le double signe du rejet doctrinal et de l’admiration poétique, est le point de départ d’une dynamique qui traverse l’ensemble du De rerum natura  : en effet, le poème philosophique de Lucrèce, tout en condamnant le pythagorisme sur la question de l’âme, subvertit son symbolisme religieux en le transposant vers la seule « révélation » authentique – celle de l’épicurisme – et vers le vrai dieu – Épicure.},
	pages = {113--132},
	number = {1},
	journaltitle = {Revue de philologie, de littérature et d'histoire anciennes},
	author = {Lévi, Nicolas},
	urldate = {2024-10-18},
	date = {2011-01-10},
	langid = {french},
	file = {Lévi - 2011 - Le De Rervm Natvra de Lucrèce, ou la subversion ép.pdf:/Users/axelle/Zotero/storage/ZMDQSQA9/Lévi - 2011 - Le De Rervm Natvra de Lucrèce, ou la subversion ép.pdf:application/pdf},
}

@article{oliensis_misadventures_2023,
	title = {The misadventures of Latona in Ovid, Metamorphoses 6},
	volume = {144},
	issn = {0002-9475},
	url = {https://doi.org/10.1353/ajp.2023.a922569},
	doi = {10.1353/ajp.2023.a922569},
	abstract = {Latona enters the Ovidian spotlight in two episodes in Met. 6, confronting first Niobe and then some rude Lycian farmers. In both episodes Ovid reshapes the tradition to highlight Latona’s peculiar sensibility to eviction. The Lycian story in particular not only reenacts the disrespect the story warns against but brings Latona’s very divinity into question. These humiliations are linked to Latona’s anomalous status as a goddess who is also a fully embodied mother.},
	pages = {449--471},
	number = {3},
	journaltitle = {American Journal of Philology},
	author = {Oliensis, Ellen},
	urldate = {2024-11-04},
	date = {2023},
	keywords = {notion},
}

@collection{rivero_garcia__2023,
	location = {Göttingen},
	title = {The « Metamorphoses » of Ovid : 35 years of research 1980-2014. 2 / Luis Rivero García (coord.)},
	shorttitle = {The « Metamorphoses » of Ovid},
	abstract = {Contiene : 6, Language, style and metre ; 7, Sources and models ; 8, Reception and pervivence in Antiquity ; 9, Appendix : Pervivence in music and plastic arts ; 10, Closing remarks.},
	pagetotal = {342 p.},
	publisher = {Vandenhoeck und Ruprecht},
	editor = {Rivero García, Luis},
	date = {2023},
	keywords = {notion},
}

@incollection{basso_costruire_2022,
	location = {Berlin ; Boston (Mass.)},
	title = {Costruire un « io » divino: Ovidio e le dee},
	volume = {18},
	isbn = {978-3-11-079519-6},
	url = {https://doi.org/10.1515/9783110795257-006},
	series = {Philologus. Supplemente},
	shorttitle = {Costruire un « io » divino},
	pages = {93--104},
	booktitle = {The gendered « I » in ancient literature: modelling gender in first-person discourse},
	publisher = {De Gruyter},
	author = {Basso, Luca},
	editor = {Cordes, Lisa and Fuhrer, Therese},
	urldate = {2024-11-04},
	date = {2022},
	doi = {10.1515/9783110795257-006},
	keywords = {notion},
}

@incollection{botta_ovid_2022,
	location = {Turnhout},
	title = {Ovid in the Old World and the New : the « Metamorphoses » as interpreted by George Sandys},
	volume = {28},
	isbn = {978-2-503-59250-3},
	url = {https://doi.org/10.1484/M.GIFBIB-EB.5.127602},
	series = {Biblioteca del Giornale Italiano di Filologia},
	shorttitle = {Ovid in the Old World and the New},
	abstract = {George Sandys est à l’origine de la première traduction américaine des « Métamorphoses », commencée en Europe en 1615 et achevée dans la colonie de Jamestown en 1626.},
	pages = {335--351},
	booktitle = {After Ovid: aspects of the reception of Ovid in literature and iconography},
	publisher = {Brepols},
	author = {Botta, Enrico},
	editor = {Consolino, Franca Ela},
	urldate = {2024-11-04},
	date = {2022},
	doi = {10.1484/M.GIFBIB-EB.5.127602},
	keywords = {notion},
}

@incollection{capriotti_fortunes_2022,
	location = {Turnhout},
	title = {The fortunes and misfortunes of vulgarized editions of Ovid’s « Metamorphoses » in Italy and Spain},
	volume = {28},
	isbn = {978-2-503-59250-3},
	url = {https://doi.org/10.1484/M.GIFBIB-EB.5.127599},
	series = {Biblioteca del Giornale Italiano di Filologia},
	abstract = {Étude de quatre éditions illustrées publiées au milieu du 16e s.},
	pages = {261--283, ill.},
	booktitle = {After Ovid: aspects of the reception of Ovid in literature and iconography},
	publisher = {Brepols},
	author = {Capriotti, Giuseppe},
	editor = {Consolino, Franca Ela},
	urldate = {2024-11-04},
	date = {2022},
	doi = {10.1484/M.GIFBIB-EB.5.127599},
	keywords = {notion},
}

@incollection{keith_gender_2022,
	location = {Berlin ; Boston (Mass.)},
	title = {Gender and genre in first-person discourse: three case studies in Ovid’s « Metamorphoses »},
	volume = {18},
	isbn = {978-3-11-079519-6},
	url = {https://doi.org/10.1515/9783110795257-016},
	series = {Philologus. Supplemente},
	shorttitle = {Gender and genre in first-person discourse},
	pages = {329--354},
	booktitle = {The gendered « I » in ancient literature: modelling gender in first-person discourse},
	publisher = {De Gruyter},
	author = {Keith, Alison},
	editor = {Cordes, Lisa and Fuhrer, Therese},
	urldate = {2024-11-04},
	date = {2022},
	doi = {10.1515/9783110795257-016},
	keywords = {notion},
}

@article{klein__2022,
	title = {« Carmen perpetuum deducere » ? : retour sur le « programme callimachéen » du proème des « Métamorphoses »},
	volume = {19},
	issn = {1765-3142},
	url = {https://doi.org/10.4000/dictynna.3061},
	doi = {10.4000/dictynna.3061},
	shorttitle = {« Carmen perpetuum deducere » ?},
	abstract = {L’évocation du « deductum carmen » en Ou., Met. 1, 4 ne renvoie pas directement à Callimaque mais à l’ambivalence des poètes augustéens pré-ovidiens, Virgile et Horace, envers l’héritage callimachéen sur cette question de la continuité narrative. La tension majeure ne réside pas dans la confrontation des termes « perpetuum » et « deducere » mais dans l’annonce d’un « carmen perpetuum » à laquelle est opposée l’annonce du vent de la digression susceptible d’en mettre à mal la linéarité continue (« fert animus dicere », Ou., Met. 1, 1).},
	pages = {non paginé},
	journaltitle = {Dictynna: Revue de Poétique Latine},
	author = {Klein, Florence},
	urldate = {2024-11-04},
	date = {2022},
	keywords = {notion},
	file = {Texte intégral:/Users/axelle/Zotero/storage/YVA3PWXP/Klein - 2022 - « Carmen perpetuum deducere »   retour sur le « .pdf:application/pdf},
}

@online{noauthor_chroniques_nodate,
	title = {Chroniques anachroniques - Métamorphoses d’automne {\textbar} La Vie des Classiques},
	url = {https://www.laviedesclassiques.fr/chroniques/chroniques-anachroniques/chroniques-anachroniques-metamorphoses-dautomne},
	urldate = {2024-12-19},
	keywords = {notion},
	file = {Chroniques anachroniques - Métamorphoses d’automne | La Vie des Classiques:/Users/axelle/Zotero/storage/642KSH3L/chroniques-anachroniques-metamorphoses-dautomne.html:text/html},
}

@article{zissos_review_nodate,
	title = {Review of: Ovid’s Metamorphoses Books 1-5},
	issn = {1055-7660},
	url = {https://bmcr.brynmawr.edu/1997/1997.09.11/},
	journaltitle = {Bryn Mawr Classical Review},
	shortjournal = {Bryn Mawr Class. Rev.},
	author = {Zissos, Andrew},
	editora = {Ovid, 43 B. C.-17 A. D. or 18 A. D. and Anderson, William S. (William Scovil)},
	editoratype = {collaborator},
	urldate = {2024-12-22},
	note = {{BMCR} {ID}: 1997.09.11},
	keywords = {notion},
	file = {Full Text Snapshot:/Users/axelle/Zotero/storage/D6WF7HMB/1997.09.11.html:text/html},
}

@incollection{videau_lepopee_2010,
	location = {Nanterre},
	title = {L’épopée des Métamorphoses d’Ovide, une « forgerie » philologique et politique},
	rights = {https://www.openedition.org/12554},
	isbn = {978-2-8218-2683-0},
	url = {https://books.openedition.org/pupo/1821},
	series = {Hors collection},
	pages = {185--197},
	booktitle = {Mythe et fiction},
	publisher = {Presses universitaires de Paris Nanterre},
	author = {Videau, Anne},
	editor = {Auger, Danièle and Delattre, Charles},
	urldate = {2024-12-22},
	date = {2010},
	langid = {french},
	doi = {10.4000/books.pupo.1821},
	note = {Code: Mythe et fiction},
	keywords = {notion},
}

@article{bakhouche_larchitecture_2019,
	title = {L’architecture {desMétamorphosesd}’Ovide},
	volume = {71},
	issn = {0017-0461},
	url = {https://www.academia.edu/43104887/Larchitecture_des_M%C3%A9tamorphoses_dOvide},
	abstract = {L\&\#39;{ARCHITECTURE} {DES} {MÉTAMORPHOSES} D\&\#39;{OVIDE} Il n\&\#39;est guère besoin de présenter ce monument de l\&\#39;oeuvre ovidienne -et même de la littérature latine -que sont les Métamorphoses : l\&\#39;objet est en effet pour le moins ambitieux qui},
	pages = {235},
	journaltitle = {Giornale Italiano di Filologia},
	author = {Bakhouche, Béatrice},
	urldate = {2024-12-22},
	date = {2019},
	keywords = {notion},
	file = {Snapshot:/Users/axelle/Zotero/storage/TH6XTK33/Larchitecture_des_Métamorphoses_dOvide.html:text/html},
}

@collection{rosati_commentary_2024,
	location = {Cambridge},
	title = {A Commentary on Ovid's Metamorphoses: Volume 1: General Introduction and Books 1-6},
	volume = {1},
	isbn = {978-0-521-89579-8},
	url = {https://www.cambridge.org/core/books/commentary-on-ovids-metamorphoses/BA388C6830EEC5FCE3EF535A2846BE51},
	shorttitle = {A Commentary on Ovid's Metamorphoses},
	abstract = {Comprising fifteen books and over two hundred and fifty myths, Ovid's Metamorphoses is one of the longest extant Latin poems from the ancient world and one of the most influential works in Western culture. It is an epic on desire and transgression that became a gateway to the entire world of pagan mythology and visual imagination. This, the first complete commentary in English, covers all aspects of the text – from textual interpretation to poetics, imagination, and ideology – and will be useful as a teaching aid and an orientation for those who are interested in the text and its reception. Historically, the poem's audience includes readers interested in opera and ballet, psychology and sexuality, myth and painting, feminism and posthumanism, vegetarianism and metempsychosis (to name just a few outside the area of Classical Studies).},
	publisher = {Cambridge University Press},
	editor = {Rosati, Gianpiero},
	urldate = {2025-01-11},
	date = {2024},
	doi = {10.1017/9781139047272},
	keywords = {notion},
}

@collection{kenney_commentary_2024,
	location = {Cambridge},
	title = {A Commentary on Ovid's Metamorphoses: Volume 2: Books 7-12},
	volume = {2},
	isbn = {978-0-521-89580-4},
	url = {https://www.cambridge.org/core/books/commentary-on-ovids-metamorphoses/8E67F1CAE0F75057B451CFC0DFD46CAC},
	shorttitle = {A Commentary on Ovid's Metamorphoses},
	abstract = {Comprising fifteen books and over two hundred and fifty myths, Ovid's Metamorphoses is one of the longest extant Latin poems from the ancient world and one of the most influential works in Western culture. It is an epic on desire and transgression that became a gateway to the entire world of pagan mythology and visual imagination. This, the first complete commentary in English, covers all aspects of the text – from textual interpretation to poetics, imagination, and ideology – and will be useful as a teaching aid and an orientation for those who are interested in the text and its reception. Historically, the poem's audience includes readers interested in opera and ballet, psychology and sexuality, myth and painting, feminism and posthumanism, vegetarianism and metempsychosis (to name just a few outside the area of Classical Studies).},
	publisher = {Cambridge University Press},
	editor = {Kenney, E. J. and Reed, Joseph D.},
	urldate = {2025-01-11},
	date = {2024},
	doi = {10.1017/9781139021586},
	keywords = {notion},
}

@collection{hardie_commentary_2024,
	location = {Cambridge},
	title = {A Commentary on Ovid's Metamorphoses: Volume 3: Books 13–15 and Indices},
	volume = {3},
	isbn = {978-0-521-89581-1},
	url = {https://www.cambridge.org/core/books/commentary-on-ovids-metamorphoses/7A4431406B9F5420163A4F2BA5B6F9F5},
	shorttitle = {A Commentary on Ovid's Metamorphoses},
	abstract = {Comprising fifteen books and over two hundred and fifty myths, Ovid's Metamorphoses is one of the longest extant Latin poems from the ancient world and one of the most influential works in Western culture. It is an epic on desire and transgression that became a gateway to the entire world of pagan mythology and visual imagination. This, the first complete commentary in English, covers all aspects of the text – from textual interpretation to poetics, imagination, and ideology – and will be useful as a teaching aid and an orientation for those who are interested in the text and its reception. Historically, the poem's audience includes readers interested in opera and ballet, psychology and sexuality, myth and painting, feminism and posthumanism, vegetarianism and metempsychosis (to name just a few outside the area of Classical Studies).},
	publisher = {Cambridge University Press},
	editor = {Hardie, Phillip},
	urldate = {2025-01-11},
	date = {2024},
	doi = {10.1017/9781139017213},
	keywords = {notion},
	file = {Snapshot:/Users/axelle/Zotero/storage/5G57CJVI/7A4431406B9F5420163A4F2BA5B6F9F5.html:text/html},
}

@article{gaisser_review_nodate,
	title = {Review of: The Gods in Epic: Poets and Critics of the Classical Tradition},
	issn = {1055-7660},
	url = {https://bmcr.brynmawr.edu/1992/1992.02.08/},
	journaltitle = {Bryn Mawr Classical Review},
	shortjournal = {Bryn Mawr Class. Rev.},
	author = {Gaisser, Julia},
	editora = {Feeney, D. C.},
	editoratype = {collaborator},
	urldate = {2025-01-11},
	note = {{BMCR} {ID}: 1992.02.08},
	keywords = {notion},
	file = {Full Text Snapshot:/Users/axelle/Zotero/storage/5CK5WSJN/1992.02.08.html:text/html},
}

@article{anderson_multiple_1963,
	title = {Multiple Change in the Metamorphoses},
	volume = {94},
	issn = {0065-9711},
	url = {https://www.jstor.org/stable/283631},
	doi = {10.2307/283631},
	pages = {1--27},
	journaltitle = {Transactions and Proceedings of the American Philological Association},
	author = {Anderson, William S.},
	urldate = {2025-01-11},
	date = {1963},
	note = {Publisher: [Johns Hopkins University Press, American Philological Association]},
	keywords = {notion},
	file = {JSTOR Full Text PDF:/Users/axelle/Zotero/storage/XUNA88R6/Anderson - 1963 - Multiple Change in the Metamorphoses.pdf:application/pdf},
}

@thesis{mantzilas_divinites_2000,
	title = {Les divinités dans l'œuvre poétique d'Ovide},
	rights = {Licence Etalab},
	url = {https://theses.fr/2000PA040080},
	abstract = {Cette thèse contient une étude minutieuse de tous les aspects des divinités grecques, romaines, italiques et orientales chez Ovide. Le classement des divinités est fait selon leur fonction principale (les divinités du ciel, des montagnes et des champs, de la mer, des eaux douces, du feu et du métal, de la demeure, de la naissance de l'amour et du mariage, du vent, de la fécondité, divinités chthoniennes, orientales, de la médecine, de la guerre et de la paix, du temps, issues de Jupiter, les abstractions personnifiées, les vertus romaines, les héros divinisés de Rome). La présentation de chaque entité est divisée en deux parties : son culte à Rome et sa présentation dans l'ensemble de l'œuvre poétique d’Ovide (métamorphoses, fasti, ars amatoria, amores, remedia amoris, heroides, ibis, tristia, pontica, de medicamina faciei femmeae, fragmenta). Les thèmes concernant l'étude des divinités sont relatifs à la fois à la tradition mythologique grecque (mythes et légendes, anthropomorphisme, fonctions générales, symboles, interaction avec les hommes et les autres dieux, prières, invocations, vers magiques, aspects et hypostases, attributs, animaux et plantes sacrées) et à leur culte à Rome (origines et étiologie de leur culte, étymologie de leur nom, épithètes et épiclèses, temples, fêtes, rites, cérémonies, jeux et sacrifices en leur honneur, iconographie, liaison avec d'autres divinités dans le culte). En parallèle, on cherche à relier toutes ses informations avec les calendriers épigraphiques et les autres auteurs grecs et latins contemporains ou non.},
	institution = {Paris 4},
	type = {These de doctorat},
	author = {Mantzilas, Dimitrios},
	editora = {André, Jean-Marie},
	editoratype = {collaborator},
	urldate = {2025-01-11},
	date = {2000-01-01},
	keywords = {Dieux -- Dans la littérature, Ovide (-0043-0017) -- Religion, notion},
}

@article{mccarty_analytical_nodate,
	title = {The Analytical Onomasticon Project: A brief auto-ethnographic vignette},
	author = {{McCarty}, Willard},
	langid = {english},
	keywords = {notion},
	file = {McCarty - The Analytical Onomasticon Project A brief auto-e.pdf:/Users/axelle/Zotero/storage/2RJX34H7/McCarty - The Analytical Onomasticon Project A brief auto-e.pdf:application/pdf},
}

@article{hockey_humanities_2007,
	title = {Humanities Computing.Willard {McCarty}.},
	volume = {22},
	issn = {0268-1145},
	url = {https://doi.org/10.1093/llc/fql047},
	doi = {10.1093/llc/fql047},
	abstract = {Anyone who follows the electronic seminar Humanist is familiar with the musings of its editor Willard {McCarty} on the nature and implications of humanities computing. This book brings together many of these discussions in an attempt to articulate an intellectual rationale of humanities computing. Apart from conversations in Humanist, the book draws on the author's wide-ranging reading in the history and philosophy of science and technology, notably Ian Hacking and Michael Mahoney, as well as on material perhaps better known to readers of this journal.{McCarty} sets out his stall in the introduction. His stated purpose and method is to ‘anatomize the method of humanities computing into four perspectives: analysis, synthesis, context and profession’ (p. 6). The emphasis is very much on method and the book mostly presents a view of the individual scholar working on his or her source material. The book does not seek to cover in any detail the rapidly growing world of digital libraries. Nor does it discuss at any length the implications for on-line publishing except to laud the benefits of on-line access. However, there is some welcome discussion of collaboration, which surfaces in a number of places throughout the book.},
	pages = {244--246},
	number = {2},
	journaltitle = {Literary and Linguistic Computing},
	shortjournal = {Literary and Linguistic Computing},
	author = {Hockey, Susan},
	urldate = {2025-01-11},
	date = {2007-06-01},
	keywords = {{TBR}, Read, architecture, Apollon, Minerve, notion},
	file = {Full Text PDF:/Users/axelle/Zotero/storage/TXJT7K6B/Hockey - 2007 - Humanities Computing.Willard McCarty..pdf:application/pdf;Snapshot:/Users/axelle/Zotero/storage/I4Y8N8JT/939007.html:text/html},
}

@article{forstall_modeling_2015,
	title = {Modeling the scholars: Detecting intertextuality through enhanced word-level n-gram matching},
	volume = {30},
	issn = {2055-7671},
	url = {https://doi.org/10.1093/llc/fqu014},
	doi = {10.1093/llc/fqu014},
	shorttitle = {Modeling the scholars},
	abstract = {The study of intertextuality, or how authors make artistic use of other texts in their works, has a long tradition, and has in recent years benefited from a variety of applications of digital methods. This article describes an approach for detecting the sorts of intertexts that literary scholars have found most meaningful, as embodied in the free Tesserae website http://tesserae.caset.buffalo.edu/. Tests of Tesserae Versions 1 and 2 showed that word-level n-gram matching could recall a majority of parallels identified by scholarly commentators in a benchmark set. But these versions lacked precision, so that the meaningful parallels could be found only among long lists of those that were not meaningful. The Version 3 search described here adds a second stage scoring system that sorts the found parallels by a formula accounting for word frequency and phrase density. Testing against a benchmark set of intertexts in Latin epic poetry shows that the scoring system overall succeeds in ranking parallels of greater significance more highly, allowing site users to find meaningful parallels more quickly. Users can also choose to adjust both recall and precision by focusing only on results above given score levels. As a theoretical matter, these tests establish that lemma identity, word frequency, and phrase density are important constituents of what make a phrase parallel a meaningful intertext.},
	pages = {503--515},
	number = {4},
	journaltitle = {Digital Scholarship in the Humanities},
	shortjournal = {Digital Scholarship in the Humanities},
	author = {Forstall, Christopher and Coffee, Neil and Buck, Thomas and Roache, Katherine and Jacobson, Sarah},
	urldate = {2025-01-11},
	date = {2015-12-01},
	file = {Snapshot:/Users/axelle/Zotero/storage/9FDNTPIJ/480607.html:text/html},
}

@online{noauthor_commencement_nodate,
	title = {Commencement Address},
	url = {http://www1.wellesley.edu/events/commencement/archives/2004commencement/commencementaddress},
	abstract = {Toni Morrison's Commencement Address to the Wellesley College Class of 2004I have to confess to all of you, Madame President, Board of Trustees, members of the faculty, relatives, friends, students. I},
	titleaddon = {Wellesley College},
	urldate = {2025-01-12},
	langid = {english},
	file = {Snapshot:/Users/axelle/Zotero/storage/ZLHQWN6N/commencementaddress.html:text/html},
}

@book{noauthor_metamorphoses_1925,
	title = {Les Métamorphoses. Tome I : Livres I-V - Ovide},
	isbn = {978-2-251-01122-6},
	url = {https://www.lesbelleslettres.com/livre/9782251011226/les-metamorphoses-tome-i-livres-i-v},
	shorttitle = {Les Métamorphoses. Tome I},
	abstract = {Si les récits de métamorphoses furent très populaires pendant toute l'Antiquité et notamment pendant la période alexandrine, le recueil d'Ovide est de loin le...},
	urldate = {2025-01-12},
	date = {1925-01-01},
	langid = {french},
	keywords = {notion},
	file = {Snapshot:/Users/axelle/Zotero/storage/EW8GNDK8/les-metamorphoses-tome-i-livres-i-v.html:text/html},
}

@book{noauthor_metamorphoses_1928,
	title = {Les Métamorphoses. Tome {II} : Livres {VI}-X - Ovide},
	isbn = {978-2-251-01123-3},
	url = {https://www.lesbelleslettres.com/livre/9782251011233/les-metamorphoses-tome-ii-livres-vi-x},
	shorttitle = {Les Métamorphoses. Tome {II}},
	abstract = {Si les récits de métamorphoses furent très populaires pendant toute l'Antiquité et notamment pendant la période alexandrine, le recueil d'Ovide est de loin le plus...},
	urldate = {2025-01-12},
	date = {1928-01-01},
	langid = {french},
	keywords = {notion},
	file = {Snapshot:/Users/axelle/Zotero/storage/B3XQ2ZAB/les-metamorphoses-tome-ii-livres-vi-x.html:text/html},
}

@book{noauthor_metamorphoses_1930,
	title = {Les Métamorphoses. Tome {III} : Livres {XI}-{XV} - Ovide},
	isbn = {978-2-251-01124-0},
	url = {https://www.lesbelleslettres.com/livre/9782251011240/les-metamorphoses-tome-iii-livres-xi-xv},
	shorttitle = {Les Métamorphoses. Tome {III}},
	abstract = {Si les récits de métamorphoses furent très populaires pendant toute l'Antiquité et notamment pendant la période alexandrine, le recueil d'Ovide est de loin le...},
	urldate = {2025-01-12},
	date = {1930-01-01},
	langid = {french},
	keywords = {notion},
	file = {Snapshot:/Users/axelle/Zotero/storage/USGKNEZ8/les-metamorphoses-tome-iii-livres-xi-xv.html:text/html},
}

@article{possamai-perez_lappel_2023,
	title = {L’appel de la métamorphose dans l’Ovide moralisé},
	rights = {https://creativecommons.org/licenses/by-nc-nd/4.0/},
	issn = {0563-9751},
	url = {https://journals.openedition.org/litteratures/4067#quotation},
	doi = {10.4000/121ys},
	abstract = {L’Ovide moralisé en         vers du début du xive siècle traduit puis allégorise         les Métamorphoses         d’Ovide. L’article examine les métamorphoses désirées par des         héroïnes, soit comme délivrance ou réparation, quand un dieu les         poursuit ou les a déflorées, soit comme châtiment quand l’héroïne ne         supporte plus le poids de sa faute, soit enfin comme rétablissement         d’un déséquilibre ou d’un manque initial. Si les interprétations de         type concret peuvent être neutres ou négatives d’un point de vue         axiologique, en revanche les allégories spirituelles que l’auteur         anonyme ajoute de son propre cru sont toujours positives : la         métamorphose est ainsi « la solution aux problèmes humains insolubles         sans elle ».},
	number = {87},
	journaltitle = {Littératures},
	author = {Possamaï-Pérez, Marylène},
	urldate = {2025-01-12},
	date = {2023-05-24},
	langid = {french},
	note = {{ISBN}: 9782810712380
Number: 87
Publisher: Presses universitaires du Mirail},
	keywords = {châtiment, délivrance, faute, héroïnes, Ovide moralisé, réparation, rétablissement, notion},
}

@article{bakhouche_larchitecture_2019-1,
	title = {L’architecture des \textit{Métamorphoses} d’Ovide},
	volume = {71},
	issn = {0017-0461, 2507-0401},
	url = {https://www.brepolsonline.net/doi/10.1484/J.GIF.5.118468},
	doi = {10.1484/J.GIF.5.118468},
	pages = {235--280},
	journaltitle = {Giornale Italiano di Filologia},
	shortjournal = {Giornale Italiano di Filologia},
	author = {Bakhouche, Béatrice},
	urldate = {2025-01-21},
	date = {2019-01},
	langid = {french},
	keywords = {notion},
	file = {Bakhouche - 2019 - L’architecture des Métamorphoses d’Ovide.pdf:/Users/axelle/Zotero/storage/RXTQ4NDE/Bakhouche - 2019 - L’architecture des Métamorphoses d’Ovide.pdf:application/pdf},
}

@article{fuchs_ovide_2012,
	title = {Ovide et l’instant de la métamorphose : un modèle pictural pour l’Empire},
	url = {https://www.academia.edu/42721336/Ovide_et_l_instant_de_la_m%C3%A9tamorphose_un_mod%C3%A8le_pictural_pour_l_Empire},
	shorttitle = {Ovide et l’instant de la métamorphose},
	abstract = {The moment of change of nature is crucial in a metamorphosis. Greek and Roman Antiquity found various solutions to narrate such a moment. Through the study of five metamorphoses, emphasizing the very moment of the phenomenon, it emerges to what},
	journaltitle = {Isabella Colpo, Francesca Ghedini (a cura di), Il gran poema delle passioni e delle meraviglie. Ovidio e il repertorio letterario e figurativo fra antico e riscoperta dell’antico. Atti del Convegno (Padova, 15-17 settembre 2011). Padova, p. 29-42.},
	author = {Fuchs, Michel E.},
	urldate = {2025-02-14},
	date = {2012-01-01},
	langid = {english},
	keywords = {notion},
}

@online{noauthor_build_nodate,
	title = {Build software better, together},
	url = {https://github.com},
	abstract = {{GitHub} is where people build software. More than 150 million people use {GitHub} to discover, fork, and contribute to over 420 million projects.},
	titleaddon = {{GitHub}},
	urldate = {2025-02-18},
	langid = {english},
	file = {Snapshot:/Users/axelle/Zotero/storage/B45DVV3J/github.com.html:text/html},
}

@article{delbey_pouvoir_2011,
	title = {Pouvoir de la métamorphose et métamorphose du pouvoir dans le Livre {XIV} des Métamorphoses d’Ovide},
	volume = {183},
	issn = {0042-7306},
	url = {https://www.persee.fr/doc/vita_0042-7306_2011_num_183_1_1717},
	doi = {10.3406/vita.2011.1717},
	abstract = {We think that it is not sufficient to say that the {XIV} Book of Ovid’s Metamorphoses belongs to a whole (book {XI} to book {XV}) which is different from the anterior books because there are references to the war of Troy and to the history of Rome, culmination of metamorphoses. So we interpret the {XIV} Book as a different representation of the power : passage of the malevolent power of Circe to the power of the king Romulus whose apotheosis shows the positive aspects.},
	pages = {142--149},
	number = {1},
	journaltitle = {Vita Latina},
	shortjournal = {vita},
	author = {Delbey, Évrard},
	urldate = {2025-03-31},
	date = {2011},
	langid = {french},
	keywords = {notion},
	file = {Delbey - 2011 - Pouvoir de la métamorphose et métamorphose du pouv.pdf:/Users/axelle/Zotero/storage/3URPMJTZ/Delbey - 2011 - Pouvoir de la métamorphose et métamorphose du pouv.pdf:application/pdf},
}

@online{gassino_plutarque_nodate,
	title = {Plutarque polygraphe : morale et tragédie dans la Vie d’Antoine},
	url = {https://publis-shs.univ-rouen.fr/eriac/803.html#pourCiter},
	shorttitle = {Plutarque polygraphe},
	abstract = {Plutarque est le type du polygraphe qui a réussi, l’exemple d’un auteur qui s’est illustré aussi brillamment par ses Vies que par ses Œuvres morales. On sait pourtant que la division des écrits de Plutarque selon ces deux catégories est plus commode qu’exacte, et qu’elle ne tient pas compte des nombreux points de convergence qui existent entre des textes n’appartenant pas au même ensemble. L’article qui suit s’attache à mettre en lumière, à travers l’étude de la Vie d’Antoine, un exemple de pratique polygraphique, en examinant comment s’articulent, au sein de ce texte, exhortation morale et tragédie. La seconde est-elle nécessairement subordonnée à la première, et le but de la démonstration est-il uniquement d’édifier le lecteur ? En réalité, Plutarque compose un texte qui autorise plusieurs lectures : un réquisitoire contre Antoine bien sûr, mais aussi un portrait non dénué d’empathie pour le personnage ; une œuvre sérieuse annoncée comme telle, mais aussi un récit à grand spectacle qui peut contribuer au projet d’édification morale sans pour autant s’y limiter.},
	titleaddon = {http://edit-publis-shs.univ-rouen.fr/eriac},
	type = {text},
	author = {Gassino, Isabelle},
	urldate = {2025-05-05},
	langid = {french},
	note = {Publisher: Nom de votre éditeur},
	file = {Snapshot:/Users/axelle/Zotero/storage/J7GZLDWE/803.html:text/html},
}

@online{gassino_plutarque_nodate-1,
	title = {Plutarque polygraphe : morale et tragédie dans la Vie d’Antoine},
	url = {https://publis-shs.univ-rouen.fr/eriac/803.html#bodyftn16},
	shorttitle = {Plutarque polygraphe},
	abstract = {Plutarque est le type du polygraphe qui a réussi, l’exemple d’un auteur qui s’est illustré aussi brillamment par ses Vies que par ses Œuvres morales. On sait pourtant que la division des écrits de Plutarque selon ces deux catégories est plus commode qu’exacte, et qu’elle ne tient pas compte des nombreux points de convergence qui existent entre des textes n’appartenant pas au même ensemble. L’article qui suit s’attache à mettre en lumière, à travers l’étude de la Vie d’Antoine, un exemple de pratique polygraphique, en examinant comment s’articulent, au sein de ce texte, exhortation morale et tragédie. La seconde est-elle nécessairement subordonnée à la première, et le but de la démonstration est-il uniquement d’édifier le lecteur ? En réalité, Plutarque compose un texte qui autorise plusieurs lectures : un réquisitoire contre Antoine bien sûr, mais aussi un portrait non dénué d’empathie pour le personnage ; une œuvre sérieuse annoncée comme telle, mais aussi un récit à grand spectacle qui peut contribuer au projet d’édification morale sans pour autant s’y limiter.},
	titleaddon = {http://edit-publis-shs.univ-rouen.fr/eriac},
	type = {text},
	author = {Gassino, Isabelle},
	urldate = {2025-05-07},
	langid = {french},
	note = {Publisher: Nom de votre éditeur},
	keywords = {notion},
	file = {Snapshot:/Users/axelle/Zotero/storage/2695TDDR/803.html:text/html},
}

@article{jean_pour_2023,
	title = {Pour dire au revoir à Jean-Philippe Kalala Omotunde (1967-2022)},
	volume = {204},
	issn = {0032-7638},
	url = {https://shs.cairn.info/revue-presence-africaine-2023-2-page-303},
	doi = {10.3917/presa.204.0303},
	pages = {303--307},
	number = {2},
	journaltitle = {Présence Africaine},
	author = {Jean, Louis Carl Saint},
	urldate = {2025-05-07},
	date = {2023},
	langid = {french},
	note = {Publisher: Éditions Présence Africaine},
	keywords = {notion},
	file = {Full Text PDF:/Users/axelle/Zotero/storage/DDUECPXN/Jean - 2023 - Pour dire au revoir à Jean-Philippe Kalala Omotund.pdf:application/pdf},
}

@article{vanony-frisch_esclaves_1987,
	title = {Les esclaves de la Guadeloupe à la fin de l'Ancien Régime : du code noir aux codes numériques},
	rights = {free},
	url = {https://www.persee.fr/doc/hism_0982-1783_1987_num_2_2_1315#hism_0982-1783_1987_num_2_2_T1_0101_0000},
	doi = {10.3406/hism.1987.1315},
	shorttitle = {Les esclaves de la Guadeloupe à la fin de l'Ancien Régime},
	abstract = {Nicole and Marc Frisch. The slaves in Guadeloupe at the end of the « ancien régime » period: from the negro code to numeric codes. We were concerned with the lists of the slaves' names contained in the inventories made after the death of the plantation owners. These have thus enabled us to know the name, nickname, estimation value, age, origin or ethnic group, occupation, diseases, personality of 10,602 slaves. The analysis deals with the different correlations, and the presence of the quantitative variable represented by the price of the slave has made this analysis much more efficient. It has thus been possible to establish precisely a hierarchy according to the colour of the skin in a society ranging from the blackest to the lightest black, together with a large amount of demographic features.},
	author = {Vanony-Frisch, Nicole and Frisch, Marc},
	urldate = {2025-06-04},
	date = {1987},
	note = {Publisher: Persée - Portail des revues scientifiques en {SHS}},
}

@article{vanony-frisch_esclaves_1987-1,
	title = {Les esclaves de la Guadeloupe à la fin de l'Ancien Régime : du code noir aux codes numériques},
	volume = {2},
	issn = {0982-1783},
	url = {https://www.persee.fr/doc/hism_0982-1783_1987_num_2_2_1315},
	doi = {10.3406/hism.1987.1315},
	shorttitle = {Les esclaves de la Guadeloupe à la fin de l'Ancien Régime},
	abstract = {Nicole and Marc Frisch. The slaves in Guadeloupe at the end of the « ancien régime » period: from the negro code to numeric codes. We were concerned with the lists of the slaves' names contained in the inventories made after the death of the plantation owners. These have thus enabled us to know the name, nickname, estimation value, age, origin or ethnic group, occupation, diseases, personality of 10,602 slaves. The analysis deals with the different correlations, and the presence of the quantitative variable represented by the price of the slave has made this analysis much more efficient. It has thus been possible to establish precisely a hierarchy according to the colour of the skin in a society ranging from the blackest to the lightest black, together with a large amount of demographic features.
          , 
            Nicole et Marc Frisch. Les esclaves de la Guadeloupe à la fin de l'ancien régime : du code noir aux codes numériques. Nous nous sommes intéressés aux listes nominatives d'esclaves contenues dans les inventaires après décès des propriétaires des plantations. C'est ainsi que nous connaissons pour 10.602 esclaves leur nom, surnom, valeur d'estimation, âge, origine ou ethnie, fonction, maladies, traits de caractère. L'analyse porte sur les corrélations et est grandement facilitée par la présence de ce paramètre quantitatif qu'est le prix de l'esclave. Cela permet d'établir avec une grande netteté la hiérarchie des couleurs dans cette société où l'on va du plus noir au plus clair, ainsi que de nombreux résultats démographiques.},
	pages = {93--115},
	number = {2},
	journaltitle = {Histoire \& Mesure},
	shortjournal = {hism},
	author = {Vanony-Frisch, Nicole and Frisch, Marc},
	urldate = {2025-06-04},
	date = {1987},
	langid = {french},
	keywords = {guadeloupe},
	file = {Vanony-Frisch et Frisch - 1987 - Les esclaves de la Guadeloupe à la fin de l'Ancien.pdf:/Users/axelle/Zotero/storage/3FHNTILH/Vanony-Frisch et Frisch - 1987 - Les esclaves de la Guadeloupe à la fin de l'Ancien.pdf:application/pdf},
}

@article{vanony-frisch_esclaves_1985,
	title = {Les esclaves de la Guadeloupe à la fin de l’Ancien Régime d’après les sources notariales (1770-1789)},
	issn = {0583-8266},
	url = {http://id.erudit.org/iderudit/1043819ar},
	doi = {10.7202/1043819ar},
	pages = {3},
	number = {63},
	journaltitle = {Bulletin de la Société d'Histoire de la Guadeloupe},
	shortjournal = {Bulletin de la Société d'Histoire de la Guadeloupe},
	author = {Vanony-Frisch, Nicole},
	urldate = {2025-06-04},
	date = {1985},
	langid = {french},
	keywords = {guadeloupe},
	file = {Vanony-Frisch - 1985 - Les esclaves de la Guadeloupe à la fin de l’Ancien.pdf:/Users/axelle/Zotero/storage/T9XLCUGF/Vanony-Frisch - 1985 - Les esclaves de la Guadeloupe à la fin de l’Ancien.pdf:application/pdf},
}

@article{fallope_esclaves_1983,
	title = {Les esclaves africains à la Guadeloupe en 1848 d’après les registres d’état civil des nouveaux citoyens conservés aux Archives de la Guadeloupe},
	issn = {0583-8266},
	url = {http://id.erudit.org/iderudit/1043856ar},
	doi = {10.7202/1043856ar},
	pages = {3},
	number = {57},
	journaltitle = {Bulletin de la Société d'Histoire de la Guadeloupe},
	shortjournal = {Bulletin de la Société d'Histoire de la Guadeloupe},
	author = {Fallope, Josette},
	urldate = {2025-06-04},
	date = {1983},
	langid = {french},
	keywords = {guadeloupe},
	file = {Fallope - 1983 - Les esclaves africains à la Guadeloupe en 1848 d’a.pdf:/Users/axelle/Zotero/storage/ZY9GHGDJ/Fallope - 1983 - Les esclaves africains à la Guadeloupe en 1848 d’a.pdf:application/pdf},
}

@book{noauthor_lexique_2024,
	title = {Lexique des divinités grecques et romaines - Michel Mathieu-Colas},
	isbn = {978-2-251-45498-6},
	url = {https://www.lesbelleslettres.com/livre/9782251454986/lexique-des-divinites-grecques-et-romaines},
	abstract = {« Des milliers de pages ne suffiraient pas à élaborer un Bottin divin, à recenser les personnages de cette ronde hallucinante de divinités qui, du...},
	urldate = {2025-06-11},
	date = {2024-05-17},
	langid = {french},
	keywords = {notion},
	file = {Snapshot:/Users/axelle/Zotero/storage/FMUFZGQK/lexique-des-divinites-grecques-et-romaines.html:text/html},
}

@article{lafaye_georges_metamorphoses_nodate,
	title = {Les métamorphoses d'Ovide et leurs modèles grecs},
	series = {Georg Olms Verlag},
	journaltitle = {1971},
	author = {Lafaye, Georges},
	langid = {english},
	keywords = {notion},
	file = {Les métamorphoses d'Ovide et leurs modèles grecs.pdf:/Users/axelle/Zotero/storage/DRU2EPZW/Les métamorphoses d'Ovide et leurs modèles grecs.pdf:application/pdf},
}

@online{noauthor_mythologie_nodate,
	title = {La mythologie classique dans la littérature néo-latine},
	url = {https://www.pubp.fr/litterature-antique-et-medievale/255-la-mythologie-classique-dans-la-litterature-neo-latine.html},
	abstract = {En hommage à Geneviève et Guy Demerson},
	titleaddon = {Presses universitaires Blaise-Pascal},
	urldate = {2025-06-11},
	langid = {french},
	keywords = {notion},
	file = {Snapshot:/Users/axelle/Zotero/storage/56YK5AEU/255-la-mythologie-classique-dans-la-litterature-neo-latine.html:text/html},
}

@article{mathieu-colas_dictionnaire_nodate,
	title = {Dictionnaire des noms de divinités},
	author = {Mathieu-Colas, Michel},
	langid = {french},
	keywords = {notion},
	file = {Mathieu-Colas - Dictionnaire des noms de divinités.pdf:/Users/axelle/Zotero/storage/G5FP8GSB/Mathieu-Colas - Dictionnaire des noms de divinités.pdf:application/pdf},
}

@incollection{feuvrier-prevotat_naissance_2015,
	location = {Rennes},
	title = {Naissance et débuts de la littérature latine : une forme de métissage culturel ?},
	rights = {https://www.openedition.org/12554},
	isbn = {978-2-7535-6008-6},
	url = {https://books.openedition.org/pur/89410},
	series = {Histoire},
	shorttitle = {Naissance et débuts de la littérature latine},
	abstract = {The Latin literature, as a literary written production, was born in Roma in 240 B. C. when a play translated from the Greek repertoire was put on for the first time: it isn’t a literal translation but a true literary creation, born from contacts between the Greek culture, known in Roma for a long time, and the Latin or more precisely Roman-Italic culture. In that case, it is possible to use the concept of cross, which allows to think about the process and the steps of the contacts and the exchanges, which have been developed between the two cultures. It is this way, taken by various forms of cross, which is followed whith the distinction of three stages: the one of the literature’s beginning required and settled by the ruling circles; the one of Plaute whose work is rich in numerous crosses in the language, the metric, the music, and in the metatheatrical practises, which integrate all the traditional burlesque; and the one of Ennius whose work and particulary the Annales join national epic, modeled itself on Greek epics, and Italic tradition, at the beginning of the conquest of the Mediterranean world by Roma.,La littérature latine, en tant que production littéraire écrite, naît à Rome en 240 av. J.-C. lorsque fut jouée pour la première fois une pièce de théâtre traduite du répertoire grec : il ne s’agit pas d’une traduction littérale mais d’une véritable création littéraire issue des contacts entre la culture grecque, connue à Rome depuis longtemps, et la culture latine ou plus précisément romano-italique. Il est possible alors d’utiliser le concept de métissage qui permet de penser le processus et le cheminement des contacts et des échanges qui se sont développés entre le deux cultures. C’est ce parcours pris par les diverses formes de « métissage » qui est suivi en distinguant trois étapes : celle des débuts de la littérature voulus et décidés par les milieux dirigeants ; celle de Plaute dont l’œuvre est riche de multiples métissages dans la langue, la métrique, la musique, et dans les pratiques métathéâtrales qui intègrent tout le burlesque traditionnel ; celle d’Ennius dont l’œuvre et surtout les Annales lie épopée nationale, sur le modèle des épopées grecques et tradition italique à un moment où Rome s’ouvre à la conquête du monde méditerranéen.},
	pages = {265--279},
	booktitle = {Du transfert culturel au métissage : Concepts, acteurs, pratiques},
	publisher = {Presses universitaires de Rennes},
	author = {Feuvrier-Prévotat, Claire},
	editor = {Molin, Michel and Capanema, Silvia and Deluermoz, Quentin and Redon, Marie},
	urldate = {2025-06-11},
	date = {2015},
	langid = {french},
	doi = {10.4000/books.pur.89410},
	note = {Code: Du transfert culturel au métissage : Concepts, acteurs, pratiques},
	keywords = {notion, Ennius, epic, épopée, Greek metric, jeux scéniques, literary translation, Livius Andronicus, méta-théâtre, metatheater, métrique grecque, Naevius, Plaute, Plautus, saturnian verse, scenic games, theater., théâtre, traduction littéraire, vers saturnien.},
}

@article{ohara_review_nodate,
	title = {Review of: Ovidian Transformations: Essays on the Metamorphoses and its Reception. Cambridge Philological Society Suppl. 23},
	issn = {1055-7660},
	url = {https://bmcr.brynmawr.edu/2000/2000.07.23/},
	journaltitle = {Bryn Mawr Classical Review},
}

@book{moretti_graphs_2007,
	location = {London New York},
	edition = {Paperback edition},
	title = {Graphs, maps, trees: abstract models for literary history},
	isbn = {978-1-84467-185-4},
	shorttitle = {Graphs, maps, trees},
	pagetotal = {119},
	publisher = {Verso},
	author = {Moretti, Franco},
	date = {2007},
	langid = {english},
	file = {Moretti et Moretti - 2007 - Graphs, maps, trees abstract models for literary .pdf:/Users/axelle/Zotero/storage/4GGYC9PD/Moretti et Moretti - 2007 - Graphs, maps, trees abstract models for literary .pdf:application/pdf},
}

@book{jockers_macroana_2_2013,
	title = {Macroanalysis: Digital Methods and Literary History},
	author = {Jockers, Matthew L.},
	year = {2013},
	publisher = {University of Illinois Press},
	address = {Urbana},
}
	shortjournal = {Bryn Mawr Class. Rev.},
	author = {O'Hara, James},
	editora = {Hardie, Philip and Barchiesi, Alessandro and Hinds, Stephen},
	editoratype = {collaborator},
	urldate = {2025-06-11},
	note = {{BMCR} {ID}: 2000.07.23},
	keywords = {notion},
	file = {Full Text Snapshot:/Users/axelle/Zotero/storage/HMX68DAK/2000.07.23.html:text/html},
}

@article{hinds_generalising_1987,
	title = {Generalising About Ovid},
	volume = {16},
	rights = {https://www.cambridge.org/core/terms},
	issn = {0048-671X, 2202-932X},
	url = {https://www.cambridge.org/core/product/identifier/S0048671X00003234/type/journal_article},
	doi = {10.1017/S0048671X00003234},
	abstract = {The aim of this essay is to confront some ageing generalisations about Ovid which seem to have survived the latest close readings of his poetry intact. Most of the critics who have recently been casting new light on particular poems and passages have been too cautious to use their very specific findings to call explicitly into question long-established overviews of the Ovidian
              oeuvre
              . However, an attempt of some kind should be made. Today's generalisation is nothing more than an accretion of yesterday's particular readings; and reassessment of it can come only when it is tested against a new generation of particular readings. My focus, therefore, will be on specifics, but with an untimid eye towards overviews.
            
            A like absence of timidity will also be found in my specifics themselves. Writers of ‘general’ articles tend to eschew difficult or controversial interpretations of particular passages, lest some overall balance in their presentation of an author be upset. I shall have few such qualms: one of my aims is precisely to destabilise — however slightiy — the terms of reference within which Ovidian poetry is usually read. Indeed, I shall risk beginning with what will probably be the most controversial reading in my essay.},
	pages = {4--31},
	number = {1},
	journaltitle = {Ramus},
	shortjournal = {Ramus},
	author = {Hinds, Stephen},
	urldate = {2025-06-11},
	date = {1987},
	langid = {english},
	keywords = {notion},
	file = {Hinds - 1987 - Generalising About Ovid.pdf:/Users/axelle/Zotero/storage/2URQAUE4/Hinds - 1987 - Generalising About Ovid.pdf:application/pdf},
}

@article{segal_jupiter_2025,
	title = {Jupiter in Ovid's "Metamorphoses"},
	author = {Segal, Charles},
	date = {2025},
	langid = {english},
	keywords = {notion},
	file = {Segal - 2025 - Jupiter in Ovid's Metamorphoses.pdf:/Users/axelle/Zotero/storage/YKVMKSB8/Segal - 2025 - Jupiter in Ovid's Metamorphoses.pdf:application/pdf},
}

@article{segal_ovids_2025,
	title = {Ovid's Metamorphic Bodies: Art, Gender, and Violence in the "Metamorphoses"},
	author = {Segal, Charles},
	date = {2025},
	langid = {english},
	keywords = {notion},
	file = {Segal - 2025 - Ovid's Metamorphic Bodies Art, Gender, and Violen.pdf:/Users/axelle/Zotero/storage/EJRJLJQW/Segal - 2025 - Ovid's Metamorphic Bodies Art, Gender, and Violen.pdf:application/pdf},
}

@article{eaton_elbow_2025,
	title = {Elbow Patches To Eye Patches: A Phenomenographic Study Of Scholarly Practices, Research Literature Access, And Academic Piracy},
	url = {https://scholarworks.umb.edu/doctoral_dissertations/1058},
	shorttitle = {Elbow Patches To Eye Patches},
	journaltitle = {Graduate Doctoral Dissertations},
	author = {Eaton, Lance},
	date = {2025-05-28},
	keywords = {notion},
}

@article{bach_question_2015,
	title = {La question de l’espace dans les Métamorphoses d’Ovide},
	rights = {free},
	url = {https://www.persee.fr/doc/bude_0004-5527_2015_num_1_1_7118},
	doi = {10.3406/bude.2015.7118},
	author = {Bach, Sarah},
	urldate = {2025-06-11},
	date = {2015},
	note = {Publisher: Persée - Portail des revues scientifiques en {SHS}},
	keywords = {notion},
}

@book{noauthor_metamorphoses_1928-1,
	title = {Les Métamorphoses. Tome {II} : Livres {VI}-X - Ovide},
	isbn = {978-2-251-01123-3},
	url = {https://www.lesbelleslettres.com/livre/9782251011233/les-metamorphoses-tome-ii-livres-vi-x},
	shorttitle = {Les Métamorphoses. Tome {II}},
	abstract = {Si les récits de métamorphoses furent très populaires pendant toute l'Antiquité et notamment pendant la période alexandrine, le recueil d'Ovide est de loin le...},
	urldate = {2025-06-24},
	date = {1928-01-01},
	langid = {french},
	file = {Snapshot:/Users/axelle/Zotero/storage/3FSUAN5U/les-metamorphoses-tome-ii-livres-vi-x.html:text/html},
}

@book{noauthor_metamorphoses_1930-1,
	title = {Les Métamorphoses. Tome {III} : Livres {XI}-{XV} - Ovide},
	isbn = {978-2-251-01124-0},
	url = {https://www.lesbelleslettres.com/livre/9782251011240/les-metamorphoses-tome-iii-livres-xi-xv},
	shorttitle = {Les Métamorphoses. Tome {III}},
	abstract = {Si les récits de métamorphoses furent très populaires pendant toute l'Antiquité et notamment pendant la période alexandrine, le recueil d'Ovide est de loin le...},
	urldate = {2025-06-24},
	date = {1930-01-01},
	langid = {french},
	file = {Snapshot:/Users/axelle/Zotero/storage/DKWCUFUF/les-metamorphoses-tome-iii-livres-xi-xv.html:text/html},
}

@book{noauthor_metamorphoses_2019,
	title = {Les Métamorphoses - Ovide},
	isbn = {978-2-251-44892-3},
	url = {https://www.lesbelleslettres.com/livre/9782251448923/les-metamorphoses},
	abstract = {Je veux dire l'histoire et les {métamorphosesDes} formes et des corps.Dieux, c'est votre œuvre aussi :Inspirez mon poème et guidez-en le fil...},
	urldate = {2025-06-24},
	date = {2019-01-11},
	langid = {french},
	file = {Snapshot:/Users/axelle/Zotero/storage/D9ZS5GKX/les-metamorphoses.html:text/html},
}

@article{consortium_tei_nodate,
	title = {The {TEI} Guidelines},
	author = {Consortium, The {TEI}},
	langid = {english},
	file = {Consortium - The TEI Guidelines.pdf:/Users/axelle/Zotero/storage/XMGYLIRC/Consortium - The TEI Guidelines.pdf:application/pdf},
}

@article{segel_narrative_2010,
	title = {Narrative Visualization: Telling Stories with Data},
	volume = {16},
	rights = {https://ieeexplore.ieee.org/Xplorehelp/downloads/license-information/{IEEE}.html},
	issn = {1077-2626},
	url = {http://ieeexplore.ieee.org/document/5613452/},
	doi = {10.1109/TVCG.2010.179},
	shorttitle = {Narrative Visualization},
	abstract = {Data visualization is regularly promoted for its ability to reveal stories within data, yet these “data stories” differ in important ways from traditional forms of storytelling. Storytellers, especially online journalists, have increasingly been integrating visualizations into their narratives, in some cases allowing the visualization to function in place of a written story. In this paper, we systematically review the design space of this emerging class of visualizations. Drawing on case studies from news media to visualization research, we identify distinct genres of narrative visualization. We characterize these design differences, together with interactivity and messaging, in terms of the balance between the narrative ﬂow intended by the author (imposed by graphical elements and the interface) and story discovery on the part of the reader (often through interactive exploration). Our framework suggests design strategies for narrative visualization, including promising under-explored approaches to journalistic storytelling and educational media.},
	pages = {1139--1148},
	number = {6},
	journaltitle = {{IEEE} Transactions on Visualization and Computer Graphics},
	shortjournal = {{IEEE} Trans. Visual. Comput. Graphics},
	author = {Segel, E and Heer, J},
	urldate = {2025-06-26},
	date = {2010-11},
	langid = {english},
	file = {Segel et Heer - 2010 - Narrative Visualization Telling Stories with Data.pdf:/Users/axelle/Zotero/storage/RR9QE8JF/Segel et Heer - 2010 - Narrative Visualization Telling Stories with Data.pdf:application/pdf},
}

@book{moretti_graphs_2007,
	location = {London New York},
	edition = {Paperback edition},
	title = {Graphs, maps, trees: abstract models for literary history},
	isbn = {978-1-84467-185-4},
	shorttitle = {Graphs, maps, trees},
	pagetotal = {119},
	publisher = {Verso},
	author = {Moretti, Franco},
	date = {2007},
	langid = {english},
	file = {Moretti et Moretti - 2007 - Graphs, maps, trees abstract models for literary .pdf:/Users/axelle/Zotero/storage/4GGYC9PD/Moretti et Moretti - 2007 - Graphs, maps, trees abstract models for literary .pdf:application/pdf},
}

@collection{driscoll_digital_2016,
	location = {Cambridge, {UK}},
	edition = {1},
	title = {Digital Scholarly Editing: Theories and Practices},
	volume = {4},
	isbn = {978-1-78374-238-7 978-1-78374-239-4 978-1-78374-240-0 978-1-78374-242-4 978-1-78374-627-9 978-1-78374-241-7},
	url = {https://www.openbookpublishers.com/books/10.11647/obp.0095},
	series = {Digital Humanities Series},
	shorttitle = {Digital Scholarly Editing},
	abstract = {This volume presents the state of the art in digital scholarly editing. Drawing together the work of established and emerging researchers, it gives pause  at a crucial moment in the history of technology in order to offer a sustained  reflection on the practices involved in producing, editing and reading digital scholarly editions—and the theories that underpin them.
            The unrelenting progress of computer technology has changed the nature of textual scholarship at the most fundamental level: the way editors and scholars work, the tools they use to do such work and the research questions they attempt to answer have all been affected.  Each of the essays in Digital Scholarly Editing approaches these changes with a different methodological consideration in mind. Together, they make a compelling case for re-evaluating the foundation of the discipline—one that tests its assertions against manuscripts and printed works from across literary history, and the globe.
            The sheer breadth of Digital Scholarly Editing, along with its successful integration of theory and practice, help redefine a rapidly-changing field, as its firm grounding and future-looking ambit ensure the work will be an indispensable starting point for further scholarship. This collection is essential reading for editors, scholars, students and readers who are invested in the future of textual scholarship and the digital humanities.
          , 
            This volume presents the state of the art in digital scholarly editing. Drawing together the work of established and emerging researchers, it gives pause  at a crucial moment in the history of technology in order to offer a sustained  reflection on the practices involved in producing, editing and reading digital scholarly editions—and the theories that underpin them.
            The unrelenting progress of computer technology has changed the nature of textual scholarship at the most fundamental level: the way editors and scholars work, the tools they use to do such work and the research questions they attempt to answer have all been affected.},
	publisher = {Open Book Publishers},
	editor = {Driscoll, Matthew James and Pierazzo, Elena},
	urldate = {2025-06-26},
	date = {2016-08-15},
	langid = {english},
	doi = {10.11647/OBP.0095},
	file = {Driscoll et Pierazzo - 2016 - Digital Scholarly Editing Theories and Practices.pdf:/Users/axelle/Zotero/storage/YC9USBU9/Driscoll et Pierazzo - 2016 - Digital Scholarly Editing Theories and Practices.pdf:application/pdf},
}

@online{babeu_alison_rome_2011,
	title = {"Rome Wasn't Digitized in a Day": Building a Cyberinfrastructure for Digital Classicists • {CLIR}},
	url = {https://www.clir.org/pubs/reports/pub150/},
	author = {Babeu, Alison},
	shorttitle = {"Rome Wasn't Digitized in a Day"},
	abstract = {by Alison Babeu August 2011. 307 pp. \$0 (Web only) {ISBN} 978-1-932326-38-3 {CLIR} pub150 {PDF} Download of Complete Report (2.6 {MB} file) {\textgreater}{\textgreater} The author provides a summative and recent overview of the use of digital technologies in classical studies, focusing on classical Greece, Rome, and the ancient Middle and Near East, and generally on Read More},
	titleaddon = {{CLIR}},
	date = {2011-08},
	langid = {american},
	file = {Rome_wasn't_built_in_one_day_babeu.pdf:/Users/axelle/Zotero/storage/KDJC7FIQ/Rome_wasn't_built_in_one_day_babeu.pdf:application/pdf;Snapshot:/Users/axelle/Zotero/storage/2BXBX6HT/pub150.html:text/html},
}

@book{piper_enumerations_2018,
	title = {Enumerations: Data and Literary Study},
	isbn = {978-0-226-56875-1 978-0-226-56861-4 978-0-226-56889-8},
	url = {https://www.bibliovault.org/BV.landing.epl?ISBN=9780226568898},
	shorttitle = {Enumerations},
	publisher = {University of Chicago Press},
	author = {Piper, Andrew},
	urldate = {2025-06-26},
	date = {2018},
	langid = {english},
	doi = {10.7208/chicago/9780226568898.001.0001},
	file = {Piper - 2018 - Enumerations Data and Literary Study.pdf:/Users/axelle/Zotero/storage/3M7VNTAP/Piper - 2018 - Enumerations Data and Literary Study.pdf:application/pdf},
}
