
@book{vial_metamorphose_2021,
	keyword = {scientifique},
	location = {Paris},
	title = {La métamorphose dans les Métamorphoses d’Ovide : Étude sur l’art de la variation},
	rights = {https://www.openedition.org/12554},
	isbn = {978-2-251-91466-4},
	url = {http://books.openedition.org/lesbelleslettres/9234},
	series = {Études Anciennes},
	shorttitle = {La métamorphose dans les Métamorphoses d’Ovide},
	abstract = {Telle la facies non omnibus una, non diuersa tamen des Néréides (Mét., {II}, 13-14), l’écriture poétique des passages consacrés par Ovide à la métamorphose dans les Métamorphoses se caractérise par un équilibre subtil entre similitudes et dissemblances : ce qui semble devoir être toujours le même récit (celui du miracle de la transformation des corps, sujet unique et total annoncé dès les premiers vers et vertigineusement décliné jusqu’au uiuam final) n’est pourtant jamais semblable, tant l’art de la variation déploie de ressources, transformant chaque nouvelle évocation de la mutata forma en une expérience d’écriture et de lecture absolument singulière. C’est sur ces deux réalités poétiques jumelles, la métamorphose et la variatio, que porte la présente étude, attachée tout à la fois à en décrire les ressorts respectifs, à définir la nature du lien organique qui, au fil des vers, se noue entre elles et à analyser le rapport entre cette alliance et la conception ovidienne de l’écriture.},
	pagetotal = {528},
	publisher = {Les Belles Lettres},
	author = {Vial, Hélène},
	urldate = {2023-10-22},
	date = {2021-03-16},
	langid = {french},
	doi = {10.4000/books.lesbelleslettres.9234},
	note = {Code: La métamorphose dans les Métamorphoses d’Ovide : Étude sur l’art de la variation
Publication Title: La métamorphose dans les Métamorphoses d’Ovide : Étude sur l’art de la variation
Reporter: La métamorphose dans les Métamorphoses d’Ovide : Étude sur l’art de la variation
Series Title: Études Anciennes},
	keywords = {allégorie, animaux, divinités, interprétation, légende des origines, mythologie, notion},
}

@article{ripoll_helene_2012,
	keyword = {scientifique},
	title = {Hélène Vial, La métamorphose dans les Métamorphoses d’Ovide. Étude sur l’art de la variation},
	rights = {https://creativecommons.org/licenses/by-nc-nd/4.0/},
	issn = {0031-0387},
	url = {https://journals.openedition.org/pallas/2616},
	doi = {10.4000/pallas.2616},
	abstract = {Aussi paradoxal que cela puisse paraître, ce qui est le sujet central des Métamorphoses d’Ovide, le phénomène de la métamorphose elle-même, n’avait fait l’objet jusqu’ici d’aucune étude d’ensemble, mais seulement de publications dispersées sous forme d’articles ou de chapitres d’ouvrages plus généraux. H. Vial a donc eu le courage de prendre à bras-le-corps ce problème central, et de produire une étude qui ne soit pas la simple compilation des travaux antérieurs, même si la prise en compte d’...},
	pages = {248--250},
	number = {88},
	journaltitle = {Pallas. Revue d'études antiques},
	author = {Ripoll, François},
	urldate = {2023-10-22},
	date = {2012-05-15},
	langid = {french},
	note = {{ISBN}: 9782810702183
Number: 88
Publisher: Presses universitaires du Mirail},
	keywords = {notion},
	file = {Full Text PDF:/Users/axelle/Zotero/storage/AJ9VE8T3/Ripoll - 2012 - Hélène Vial, La métamorphose dans les Métamorphose.pdf:application/pdf},
}

@thesis{tronchet_metamorphose_1997,
	keyword = {scientifique},
	title = {La métamorphose à l'œuvre : recherches sur la poétique d'Ovide dans "les Métamorphoses"},
	rights = {Licence Etalab},
	url = {https://www.theses.fr/1997REIML002},
	shorttitle = {La métamorphose à l'œuvre},
	abstract = {Le projet d’Ovide, en écrivant les Métamorphoses, était d'agencer en un récit continu une foule d'histoires mythiques, centrées sur une ou plusieurs transformations surnaturelles. Le poète a construit avec soin cette chaine d'évènements pour aboutir a une fiction qui mène de la naissance de l'univers jusqu'a sa propre époque. En même temps, il exhibe sans cesse la part de jeu que comporte son entreprise, manifestant avec humour les procédés auxquels il a eu recours. La recherche consiste a décrire précisément cette démarche, en utilisant des instruments d'analyse modernes, comme ceux de la narratologie. Cela permet d'envisager les rapports entre la construction narrative des métamorphoses et les multiples similitudes qui créent tout un réseau de correspondances a travers le poème et déterminent une logique différente, échappant a la linéarité du récit. Pour atteindre ces objectifs, cinq étapes se succèdent : - les modèles poétiques dont Ovide s'inspire ou se démarque pour édifier un récit qui commence a la création du monde et s'achève sous le règne d'auguste. - les ressources thématiques et narratives mobilisées pour donner une impression de durée, de successivité, a une suite de légendes souvent dépourvues de liens préalables. - la découpe et l'économie du récit, depuis la définition des unités de base jusqu'aux regroupements narratifs les plus vastes qui en structurent le déroulement global. - la cohésion de l'ensemble avec le rôle joue par les transitions entre les diverses parties et l'explication des ruptures apparentes qui surgissent dans l'enchainement. - le réseau des corrélations thématiques et littérales entre les épisodes, aptes a susciter d'innombrables effets de sens, indépendamment du contexte narratif.},
	institution = {Reims},
	type = {These de doctorat},
	author = {Tronchet, Gilles},
	editora = {Néraudau, Jean-Pierre},
	editoratype = {collaborator},
	urldate = {2023-11-25},
	date = {1997-01-01},
	keywords = {Intertextualité, Ovide (0043 av. J.-C.-0017). Les métamorphoses, Mise en abyme (littérature), Mythologie romaine, Ovide (0043 av. J.-C.-0017) -- Poésie, notion},
}

@article{frontisi-ducroux_invention_2009,
	keyword = {scientifique},
	title = {L'invention de la métamorphose:},
	volume = {n° 64},
	issn = {1144-0821},
	url = {https://www.cairn.info/revue-rue-descartes-2009-2-page-8.htm?ref=doi},
	doi = {10.3917/rdes.064.0008},
	shorttitle = {L'invention de la métamorphose},
	pages = {8--22},
	number = {2},
	journaltitle = {Rue Descartes},
	author = {Frontisi-Ducroux, Françoise},
	urldate = {2024-10-18},
	date = {2009-06-01},
	langid = {french},
	keywords = {notion},
	file = {Frontisi-Ducroux - 2009 - L'invention de la métamorphose.pdf:/Users/axelle/Zotero/storage/C8PBN287/Frontisi-Ducroux - 2009 - L'invention de la métamorphose.pdf:application/pdf},
}

@article{fay_a_nodate,
	keyword = {scientifique},
	title = {À {PROPOS} {DES} {MÉTAMORPHOSES} D’{OVIDE}},
	number = {106},
	author = {Fay, Pénélope},
	langid = {french},
	keywords = {notion},
	file = {Fay - À PROPOS DES MÉTAMORPHOSES D’OVIDE.pdf:/Users/axelle/Zotero/storage/LLGQ5876/Fay - À PROPOS DES MÉTAMORPHOSES D’OVIDE.pdf:application/pdf},
}

@collection{rosati_commentary_2024,
	keyword = {scientifique},
	location = {Cambridge},
	title = {A Commentary on Ovid's Metamorphoses: Volume 1: General Introduction and Books 1-6},
	volume = {1},
	isbn = {978-0-521-89579-8},
	url = {https://www.cambridge.org/core/books/commentary-on-ovids-metamorphoses/BA388C6830EEC5FCE3EF535A2846BE51},
	shorttitle = {A Commentary on Ovid's Metamorphoses},
	abstract = {Comprising fifteen books and over two hundred and fifty myths, Ovid's Metamorphoses is one of the longest extant Latin poems from the ancient world and one of the most influential works in Western culture. It is an epic on desire and transgression that became a gateway to the entire world of pagan mythology and visual imagination. This, the first complete commentary in English, covers all aspects of the text – from textual interpretation to poetics, imagination, and ideology – and will be useful as a teaching aid and an orientation for those who are interested in the text and its reception. Historically, the poem's audience includes readers interested in opera and ballet, psychology and sexuality, myth and painting, feminism and posthumanism, vegetarianism and metempsychosis (to name just a few outside the area of Classical Studies).},
	publisher = {Cambridge University Press},
	editor = {Rosati, Gianpiero},
	urldate = {2025-01-11},
	date = {2024},
	doi = {10.1017/9781139047272},
	keywords = {notion},
}

@collection{kenney_commentary_2024,
	keyword = {scientifique},
	location = {Cambridge},
	title = {A Commentary on Ovid's Metamorphoses: Volume 2: Books 7-12},
	volume = {2},
	isbn = {978-0-521-89580-4},
	url = {https://www.cambridge.org/core/books/commentary-on-ovids-metamorphoses/8E67F1CAE0F75057B451CFC0DFD46CAC},
	shorttitle = {A Commentary on Ovid's Metamorphoses},
	abstract = {Comprising fifteen books and over two hundred and fifty myths, Ovid's Metamorphoses is one of the longest extant Latin poems from the ancient world and one of the most influential works in Western culture. It is an epic on desire and transgression that became a gateway to the entire world of pagan mythology and visual imagination. This, the first complete commentary in English, covers all aspects of the text – from textual interpretation to poetics, imagination, and ideology – and will be useful as a teaching aid and an orientation for those who are interested in the text and its reception. Historically, the poem's audience includes readers interested in opera and ballet, psychology and sexuality, myth and painting, feminism and posthumanism, vegetarianism and metempsychosis (to name just a few outside the area of Classical Studies).},
	publisher = {Cambridge University Press},
	editor = {Kenney, E. J. and Reed, Joseph D.},
	urldate = {2025-01-11},
	date = {2024},
	doi = {10.1017/9781139021586},
	keywords = {notion},
}

@collection{hardie_commentary_2024,
	keyword = {scientifique},
	location = {Cambridge},
	title = {A Commentary on Ovid's Metamorphoses: Volume 3: Books 13–15 and Indices},
	volume = {3},
	isbn = {978-0-521-89581-1},
	url = {https://www.cambridge.org/core/books/commentary-on-ovids-metamorphoses/7A4431406B9F5420163A4F2BA5B6F9F5},
	shorttitle = {A Commentary on Ovid's Metamorphoses},
	abstract = {Comprising fifteen books and over two hundred and fifty myths, Ovid's Metamorphoses is one of the longest extant Latin poems from the ancient world and one of the most influential works in Western culture. It is an epic on desire and transgression that became a gateway to the entire world of pagan mythology and visual imagination. This, the first complete commentary in English, covers all aspects of the text – from textual interpretation to poetics, imagination, and ideology – and will be useful as a teaching aid and an orientation for those who are interested in the text and its reception. Historically, the poem's audience includes readers interested in opera and ballet, psychology and sexuality, myth and painting, feminism and posthumanism, vegetarianism and metempsychosis (to name just a few outside the area of Classical Studies).},
	publisher = {Cambridge University Press},
	editor = {Hardie, Phillip},
	urldate = {2025-01-11},
	date = {2024},
	doi = {10.1017/9781139017213},
	keywords = {notion},
	file = {Snapshot:/Users/axelle/Zotero/storage/5G57CJVI/7A4431406B9F5420163A4F2BA5B6F9F5.html:text/html},
}

@article{anderson_multiple_1963,
	keyword = {scientifique},
	title = {Multiple Change in the Metamorphoses},
	volume = {94},
	issn = {0065-9711},
	url = {https://www.jstor.org/stable/283631},
	doi = {10.2307/283631},
	pages = {1--27},
	journaltitle = {Transactions and Proceedings of the American Philological Association},
	author = {Anderson, William S.},
	urldate = {2025-01-11},
	date = {1963},
	note = {Publisher: [Johns Hopkins University Press, American Philological Association]},
	keywords = {notion},
	file = {JSTOR Full Text PDF:/Users/axelle/Zotero/storage/XUNA88R6/Anderson - 1963 - Multiple Change in the Metamorphoses.pdf:application/pdf},
}

@article{bakhouche_larchitecture_2019,
	keyword = {scientifique},
	title = {L’architecture des \textit{Métamorphoses} d’Ovide},
	volume = {71},
	issn = {0017-0461, 2507-0401},
	url = {https://www.brepolsonline.net/doi/10.1484/J.GIF.5.118468},
	doi = {10.1484/J.GIF.5.118468},
	pages = {235--280},
	journaltitle = {Giornale Italiano di Filologia},
	shortjournal = {Giornale Italiano di Filologia},
	author = {Bakhouche, Béatrice},
	urldate = {2025-01-21},
	date = {2019-01},
	langid = {french},
	keywords = {notion},
	file = {Bakhouche - 2019 - L’architecture des Métamorphoses d’Ovide.pdf:/Users/axelle/Zotero/storage/RXTQ4NDE/Bakhouche - 2019 - L’architecture des Métamorphoses d’Ovide.pdf:application/pdf},
}

@article{delbey_pouvoir_2011,
	keyword = {scientifique},
	title = {Pouvoir de la métamorphose et métamorphose du pouvoir dans le Livre {XIV} des Métamorphoses d’Ovide},
	volume = {183},
	issn = {0042-7306},
	url = {https://www.persee.fr/doc/vita_0042-7306_2011_num_183_1_1717},
	doi = {10.3406/vita.2011.1717},
	abstract = {We think that it is not sufficient to say that the {XIV} Book of Ovid’s Metamorphoses belongs to a whole (book {XI} to book {XV}) which is different from the anterior books because there are references to the war of Troy and to the history of Rome, culmination of metamorphoses. So we interpret the {XIV} Book as a different representation of the power : passage of the malevolent power of Circe to the power of the king Romulus whose apotheosis shows the positive aspects.},
	pages = {142--149},
	number = {1},
	journaltitle = {Vita Latina},
	shortjournal = {vita},
	author = {Delbey, Évrard},
	urldate = {2025-03-31},
	date = {2011},
	langid = {french},
	keywords = {notion},
	file = {Delbey - 2011 - Pouvoir de la métamorphose et métamorphose du pouv.pdf:/Users/axelle/Zotero/storage/3URPMJTZ/Delbey - 2011 - Pouvoir de la métamorphose et métamorphose du pouv.pdf:application/pdf},
}

@article{lafaye_georges_metamorphoses_nodate,
	keyword = {scientifique},
	title = {Les métamorphoses d'Ovide et leurs modèles grecs},
	series = {Georg Olms Verlag},
	journaltitle = {1971},
	author = {Lafaye, Georges},
	langid = {english},
	keywords = {notion},
	file = {Les métamorphoses d'Ovide et leurs modèles grecs.pdf:/Users/axelle/Zotero/storage/DRU2EPZW/Les métamorphoses d'Ovide et leurs modèles grecs.pdf:application/pdf},
}

@article{mathieu-colas_dictionnaire_nodate,
	keyword = {scientifique},
	title = {Dictionnaire des noms de divinités},
	author = {Mathieu-Colas, Michel},
	langid = {french},
	keywords = {notion},
	file = {Mathieu-Colas - Dictionnaire des noms de divinités.pdf:/Users/axelle/Zotero/storage/G5FP8GSB/Mathieu-Colas - Dictionnaire des noms de divinités.pdf:application/pdf},
}

@article{segal_jupiter_2025,
	keyword = {scientifique},
	title = {Jupiter in Ovid's "Metamorphoses"},
	author = {Segal, Charles},
	date = {2025},
	langid = {english},
	keywords = {notion},
	file = {Segal - 2025 - Jupiter in Ovid's Metamorphoses.pdf:/Users/axelle/Zotero/storage/YKVMKSB8/Segal - 2025 - Jupiter in Ovid's Metamorphoses.pdf:application/pdf},
}

@article{segal_ovids_2025,
	keyword = {scientifique},
	title = {Ovid's Metamorphic Bodies: Art, Gender, and Violence in the "Metamorphoses"},
	author = {Segal, Charles},
	date = {2025},
	langid = {english},
	keywords = {notion},
	file = {Segal - 2025 - Ovid's Metamorphic Bodies Art, Gender, and Violen.pdf:/Users/axelle/Zotero/storage/EJRJLJQW/Segal - 2025 - Ovid's Metamorphic Bodies Art, Gender, and Violen.pdf:application/pdf},
}

@article{consortium_tei_nodate,
	keyword = {scientifique},
	title = {The {TEI} Guidelines},
	author = {Consortium, The {TEI}},
	langid = {english},
	file = {Consortium - The TEI Guidelines.pdf:/Users/axelle/Zotero/storage/XMGYLIRC/Consortium - The TEI Guidelines.pdf:application/pdf},
}

@article{segel_narrative_2010,
	keyword = {scientifique},
	title = {Narrative Visualization: Telling Stories with Data},
	volume = {16},
	rights = {https://ieeexplore.ieee.org/Xplorehelp/downloads/license-information/{IEEE}.html},
	issn = {1077-2626},
	url = {http://ieeexplore.ieee.org/document/5613452/},
	doi = {10.1109/TVCG.2010.179},
	shorttitle = {Narrative Visualization},
	abstract = {Data visualization is regularly promoted for its ability to reveal stories within data, yet these “data stories” differ in important ways from traditional forms of storytelling. Storytellers, especially online journalists, have increasingly been integrating visualizations into their narratives, in some cases allowing the visualization to function in place of a written story. In this paper, we systematically review the design space of this emerging class of visualizations. Drawing on case studies from news media to visualization research, we identify distinct genres of narrative visualization. We characterize these design differences, together with interactivity and messaging, in terms of the balance between the narrative ﬂow intended by the author (imposed by graphical elements and the interface) and story discovery on the part of the reader (often through interactive exploration). Our framework suggests design strategies for narrative visualization, including promising under-explored approaches to journalistic storytelling and educational media.},
	pages = {1139--1148},
	number = {6},
	journaltitle = {{IEEE} Transactions on Visualization and Computer Graphics},
	shortjournal = {{IEEE} Trans. Visual. Comput. Graphics},
	author = {Segel, E and Heer, J},
	urldate = {2025-06-26},
	date = {2010-11},
	langid = {english},
	file = {Segel et Heer - 2010 - Narrative Visualization Telling Stories with Data.pdf:/Users/axelle/Zotero/storage/RR9QE8JF/Segel et Heer - 2010 - Narrative Visualization Telling Stories with Data.pdf:application/pdf},
}

@book{moretti_graphs_2007,
	keyword = {scientifique},
	location = {London New York},
	edition = {Paperback edition},
	title = {Graphs, maps, trees: abstract models for literary history},
	isbn = {978-1-84467-185-4},
	shorttitle = {Graphs, maps, trees},
	pagetotal = {119},
	publisher = {Verso},
	author = {Moretti, Franco},
	date = {2007},
	langid = {english},
	file = {Moretti et Moretti - 2007 - Graphs, maps, trees abstract models for literary .pdf:/Users/axelle/Zotero/storage/4GGYC9PD/Moretti et Moretti - 2007 - Graphs, maps, trees abstract models for literary .pdf:application/pdf},
}

@collection{driscoll_digital_2016,
	keyword = {scientifique},
	location = {Cambridge, {UK}},
	edition = {1},
	title = {Digital Scholarly Editing: Theories and Practices},
	volume = {4},
	isbn = {978-1-78374-238-7 978-1-78374-239-4 978-1-78374-240-0 978-1-78374-242-4 978-1-78374-627-9 978-1-78374-241-7},
	url = {https://www.openbookpublishers.com/books/10.11647/obp.0095},
	series = {Digital Humanities Series},
	shorttitle = {Digital Scholarly Editing},
	abstract = {This volume presents the state of the art in digital scholarly editing. Drawing together the work of established and emerging researchers, it gives pause  at a crucial moment in the history of technology in order to offer a sustained  reflection on the practices involved in producing, editing and reading digital scholarly editions—and the theories that underpin them.
            The unrelenting progress of computer technology has changed the nature of textual scholarship at the most fundamental level: the way editors and scholars work, the tools they use to do such work and the research questions they attempt to answer have all been affected.  Each of the essays in Digital Scholarly Editing approaches these changes with a different methodological consideration in mind. Together, they make a compelling case for re-evaluating the foundation of the discipline—one that tests its assertions against manuscripts and printed works from across literary history, and the globe.
            The sheer breadth of Digital Scholarly Editing, along with its successful integration of theory and practice, help redefine a rapidly-changing field, as its firm grounding and future-looking ambit ensure the work will be an indispensable starting point for further scholarship. This collection is essential reading for editors, scholars, students and readers who are invested in the future of textual scholarship and the digital humanities.
          , 
            This volume presents the state of the art in digital scholarly editing. Drawing together the work of established and emerging researchers, it gives pause  at a crucial moment in the history of technology in order to offer a sustained  reflection on the practices involved in producing, editing and reading digital scholarly editions—and the theories that underpin them.
            The unrelenting progress of computer technology has changed the nature of textual scholarship at the most fundamental level: the way editors and scholars work, the tools they use to do such work and the research questions they attempt to answer have all been affected.},
	publisher = {Open Book Publishers},
	editor = {Driscoll, Matthew James and Pierazzo, Elena},
	urldate = {2025-06-26},
	date = {2016-08-15},
	langid = {english},
	doi = {10.11647/OBP.0095},
	file = {Driscoll et Pierazzo - 2016 - Digital Scholarly Editing Theories and Practices.pdf:/Users/axelle/Zotero/storage/YC9USBU9/Driscoll et Pierazzo - 2016 - Digital Scholarly Editing Theories and Practices.pdf:application/pdf},
}

@online{babeu_alison_rome_2011,
	keyword = {scientifique},
	title = {"Rome Wasn't Digitized in a Day": Building a Cyberinfrastructure for Digital Classicists • {CLIR}},
	url = {https://www.clir.org/pubs/reports/pub150/},
	shorttitle = {"Rome Wasn't Digitized in a Day"},
	abstract = {by Alison Babeu August 2011. 307 pp. \$0 (Web only) {ISBN} 978-1-932326-38-3 {CLIR} pub150 {PDF} Download of Complete Report (2.6 {MB} file) {\textgreater}{\textgreater} The author provides a summative and recent overview of the use of digital technologies in classical studies, focusing on classical Greece, Rome, and the ancient Middle and Near East, and generally on Read More},
	titleaddon = {{CLIR}},
	author = {Babeu, Alison},
	urldate = {2025-06-26},
	date = {2011-08},
	langid = {american},
	file = {Rome_wasn't_built_in_one_day_babeu.pdf:/Users/axelle/Zotero/storage/KDJC7FIQ/Rome_wasn't_built_in_one_day_babeu.pdf:application/pdf;Snapshot:/Users/axelle/Zotero/storage/2BXBX6HT/pub150.html:text/html},
}

@book{piper_enumerations_2018,
	keyword = {scientifique},
	title = {Enumerations: Data and Literary Study},
	isbn = {978-0-226-56875-1 978-0-226-56861-4 978-0-226-56889-8},
	url = {https://www.bibliovault.org/BV.landing.epl?ISBN=9780226568898},
	shorttitle = {Enumerations},
	publisher = {University of Chicago Press},
	author = {Piper, Andrew},
	urldate = {2025-06-26},
	date = {2018},
	langid = {english},
	doi = {10.7208/chicago/9780226568898.001.0001},
	file = {Piper - 2018 - Enumerations Data and Literary Study.pdf:/Users/axelle/Zotero/storage/3M7VNTAP/Piper - 2018 - Enumerations Data and Literary Study.pdf:application/pdf},
}

@book{jockers_macroana_2_2013,
	keyword = {scientifique},
	title = {Macroanalysis: Digital Methods and Literary History},
	author = {Jockers, Matthew L.},
	year = {2013},
	publisher = {University of Illinois Press},
	address = {Urbana},
}

@online{babeu_alison_rome_2011,
	keyword = {scientifique},
	title = {"Rome Wasn't Digitized in a Day": Building a Cyberinfrastructure for Digital Classicists • {CLIR}},
	url = {https://www.clir.org/pubs/reports/pub150/},
	shorttitle = {"Rome Wasn't Digitized in a Day"},
	abstract = {by Alison Babeu August 2011. 307 pp. \$0 (Web only) {ISBN} 978-1-932326-38-3 {CLIR} pub150 {PDF} Download of Complete Report (2.6 {MB} file) {\textgreater}{\textgreater} The author provides a summative and recent overview of the use of digital technologies in classical studies, focusing on classical Greece, Rome, and the ancient Middle and Near East, and generally on Read More},
	titleaddon = {{CLIR}},
	author = {Babeu, Alison},
	urldate = {2025-06-26},
	date = {2011-08},
	langid = {american},
	file = {Rome_wasn't_built_in_one_day_babeu.pdf:/Users/axelle/Zotero/storage/KDJC7FIQ/Rome_wasn't_built_in_one_day_babeu.pdf:application/pdf;Snapshot:/Users/axelle/Zotero/storage/2BXBX6HT/pub150.html:text/html},
}

@article{moretti_conjectures_2000,
	keyword = {scientifique},
	title = {Conjectures on World Literature},
	author = {Moretti, Franco},
	date = {2000-01},
	langid = {english},
	file = {Moretti - Conjectures on World Literature.pdf:/Users/axelle/Zotero/storage/ITU7U3PG/Moretti - Conjectures on World Literature.pdf:application/pdf},
}

@book{wickham_hadley_r_2023,
	keyword = {scientifique},
	edition = {2e},
	title = {R for Data Science (2e)},
	rights = {{CC} {BY}-{NC}-{ND} 3.0 License},
	url = {https://r4ds.hadley.nz/},
	author = {{Wickham, Hadley} and {Cetinkaya-Rundel, Mine} and {Grolemund, Garrett}},
	date = {2023-07-18},
	file = {R for Data Science (2e):/Users/axelle/Zotero/storage/R8N2IU7P/r4ds.hadley.nz.html:text/html},
}

@misc{github_repo,
	keyword = {outils},
	author = {Axelle Penture},
	title = {Analyse des divinités dans les Métamorphoses d'Ovide},
	howpublished = {\url{https://github.com/pax3l/m2_ovid_deities_analysis_for_quarto}},
	year = {2025},
	note = {Dernière mise à jour : \today}
}

@misc{scaife_viewer,
	keyword = {outils},
	author = {The Perseus Digital Library},
	title = {Scaife Viewer},
	howpublished = {\url{https://scaife.perseus.org/reader/urn:cts:latinLit:phi0630.phi001.perseus-lat1/}},
	 year = {2025},
	 note = {Version en ligne}
}

@manual{R-core,
	keyword = {outils},
	title = {R: A Language and Environment for Statistical Computing},
	author = {{R Core Team}},
	organization = {R Foundation for Statistical Computing},
	address = {Vienna, Austria},
	year = {2024},
	url = {https://www.R-project.org/}
}

@manual{RStudio,
	keyword = {outils},
	title = {RStudio: Integrated Development Environment for R},
	author = {{RStudio Team}},
	organization = {Posit, PBC},
	address = {Boston, MA},
	year = {2024},
	url = {https://posit.co}
}

@manual{VSCode,
	keyword = {outils},
	title = {Visual Studio Code},
	author = {{Visual Studio Code Team}},
	organization = {Microsoft},
	year = {2024},
	url = {https://code.visualstudio.com/}
}

@book{virgil_eneid_t2,
	keyword = {antiquite},
	author = {Virgile, Jacques Perret},
	title = {Énéide. Tome II : Livres V-VII},
	year = {2018},
	publisher = {Les Belles Lettres}
}

@book{tite_live_t7,
	keyword = {antiquite},
	author = {Titus Livius, Jean Bayet, Raymond Bloch},
	title = {Histoire romaine. Tome VII : Livre VII},
	year = {2003},
	 publisher = {Les Belles Lettres}
}

@book{tite_live_t17,
	keyword = {antiquite},
	author = {Titus Livius, Paul Jal},
	title = {Histoire romaine. Tome XVII : Livre XXVII},
	year = {2003},
	publisher = {Les Belles Lettres}
}

@book{tite_live_t3,
	keyword = {antiquite},
	author = {Titus Livius, Jean Bayet, Gaston Baillet},
	title = {Histoire romaine. Tome III : Livre III},
	year = {2003},
	publisher = {Les Belles Lettres}
}

@book{ovid_metamorphoses_t1,
    keyword = {metamorphoses},
    author = {Ovide, Georges Lafaye},
    title = {Les Métamorphoses. Tome I : Livres I-V},
    publisher = {Les Belles Lettres},
    year = {2021},
    volume = {1},
    number = {28},
    isbn = {978-2-251-01122-6}
}

@book{ovid_metamorphoses_t2,
    keyword = {metamorphoses},
    author = {Ovide, Georges Lafaye},
    title = {Les Métamorphoses. Tome II : Livres VI-X},
    publisher = {Les Belles Lettres},
    year = {2024},
    volume = {2},
    number = {47},
    isbn = {978-2-251-01123-3}
}

@book{ovid_metamorphoses_t3,
    keyword = {metamorphoses},
    author = {Ovide, Henri Le Bonniec, Georges Lafaye},
    title = {Les Métamorphoses. Tome III : Livres XI-XV},
    publisher = {Les Belles Lettres},
    year = {2021},
    volume = {3},
    number = {58},
    isbn = {978-2-251-01124-0}
}

@book{ovid_metamorphoses_poche,
    keyword = {metamorphoses},
    author = {Ovide, Olivier Sers},
    title = {Les Métamorphoses},
    year = {2022},
    publisher = {Les Belles Lettres},
    isbn = {978-2-251-44892-3}
}

@book{ovid_metamorphoses_cosnay,
    keyword = {metamorphoses},
    author = {Ovide, Pierre Judet de la Combe, Marie Cosnay},
    title = {Les Métamorphoses},
    year = {2017},
    publisher = {Éditions de l'Ogre},
    isbn = {979-10-93606-99-6}
}

@article{griffin_commentary_1997,
  keyword = {scientifique},
	title = {A Commentary on Ovid "Metamorphoses" Book {XI}},
	issn = {0018-0750},
	url = {https://www.jstor.org/stable/23041237},
	pages = {1--290},
	number = {162},
	journaltitle = {Hermathena},
	author = {Griffin, A. H. F.},
	urldate = {2025-07-05},
	date = {1997},
	note = {Publisher: Trinity College Dublin},
	file = {JSTOR Full Text PDF:/Users/axelle/Zotero/storage/D9LPUQUY/Griffin - 1997 - A Commentary on Ovid Metamorphoses Book XI.pdf:application/pdf},
}

@article{delbey_systemes_1996,
  keyword = {scientifique},
	title = {Les systèmes narratifs dans les « Métamorphoses » d’Ovide},
	rights = {https://creativecommons.org/licenses/by-nc-nd/4.0/},
	issn = {0993-8516},
	url = {https://journals.openedition.org/narratologie/11759},
	doi = {10.4000/narratologie.11759},
	abstract = {Dans l’un des manuscrits du texte d’Ovide, le M (= Codex Marcianus Florentinus 225), datant du {XIème} siècle, figure le mot « narrationes » pour caractériser ce que nous pourrions appeler aujourd’hui le régime discursif des « Métamorphoses ». Or, le poète lui-même n’utilise pas ce mot partout dans cette œuvre. Ainsi le Livre I qui fait le récit de la formation du monde, de la victoire de Jupiter sur les Géants, du Déluge, des amours de Jupiter et de la nymphe lo - entre autres moments de métam...},
	pages = {9--13},
	number = {7},
	journaltitle = {Cahiers de Narratologie. Analyse et théorie narratives},
	author = {Delbey, Évrard},
	urldate = {2025-07-06},
	date = {1996-01-01},
	langid = {french},
	note = {Number: 7
Publisher: {REVEL}},
	file = {Full Text PDF:/Users/axelle/Zotero/storage/7M4QQGUH/Delbey - 1996 - Les systèmes narratifs dans les « Métamorphoses » .pdf:application/pdf},
}

@collection{hardie_cambridge_2002,
  keyword = {scientifique},
	location = {Cambridge},
	title = {The Cambridge Companion to Ovid},
	isbn = {978-0-521-77281-5},
	url = {https://www.cambridge.org/core/books/cambridge-companion-to-ovid/BB8FF50DC0495C071A7BFE95E086FEDA},
	series = {Cambridge Companions to Literature},
	abstract = {Ovid was one of the greatest writers of classical antiquity, and arguably the single most influential ancient poet for post-classical literature and culture. In this Cambridge Companion, chapters by leading authorities from Europe and North America discuss the backgrounds and contexts for Ovid, the individual works, and his influence on later literature and art. Coverage of essential information is combined with exciting critical approaches. This Companion is designed both as an accessible handbook for the general reader who wishes to learn about Ovid, and as a series of stimulating essays for students of Latin poetry and of the classical tradition.},
	publisher = {Cambridge University Press},
	editor = {Hardie, Philip},
	urldate = {2025-07-05},
	date = {2002},
	doi = {10.1017/CCOL0521772818},
	keywords = {notion},
	file = {Snapshot:/Users/axelle/Zotero/storage/BNYTN6E5/BB8FF50DC0495C071A7BFE95E086FEDA.html:text/html;Version soumise:/Users/axelle/Zotero/storage/YXW6WPFH/Hardie - 2002 - The Cambridge Companion to Ovid.pdf:application/pdf},
}