X @book{virgil_eneid,
    author = {Virgile, Jacques Perret},
    title = {Énéide. Tome I : Livres I-IV},
    year = {2023},
    publisher = {Les Belles Lettres}
}

@book{virgil_eneid_t2,
    author = {Virgile, Jacques Perret},
    title = {Énéide. Tome II : Livres V-VII},
    year = {2018},
    publisher = {Les Belles Lettres}
}

X @book{virgil_eneid_t3,
    author = {Virgile, Jacques Perret},
    title = {Énéide. Tome III : Livres IX-XII},
    year = {2018},
    publisher = {Les Belles Lettres}
}

@book{tite_live_t7,
    author = {Titus Livius, Jean Bayet, Raymond Bloch},
    title = {Histoire romaine. Tome VII : Livre VII},
    year = {2003},
    publisher = {Les Belles Lettres}
}

@book{tite_live_t17,
    author = {Titus Livius, Paul Jal},
    title = {Histoire romaine. Tome XVII : Livre XXVII},
    year = {2003},
    publisher = {Les Belles Lettres}
}

@book{tite_live_t3, 
    author = {Titus Livius, Jean Bayet, Gaston Baillet},
    title = {Histoire romaine. Tome III : Livre III},
    year = {2003},
    publisher = {Les Belles Lettres}
    