@misc{github_repo,
    author = {Axelle Penture},
    title = {Analyse des divinités dans les Métamorphoses d'Ovide},
    howpublished = {\url{https://github.com/pax3l/m2_ovid_deities_analysis_for_quarto}},
    year = {2025},
    note = {Dernière mise à jour : \today}
}

@misc{scaife_viewer,
    author = {The Perseus Digital Library},
    title = {Scaife Viewer},
    howpublished = {\url{https://scaife.perseus.org/reader/urn:cts:latinLit:phi0630.phi001.perseus-lat1/}},
    year = {2025},
    note = {Version en ligne}
}

@manual{R-core,
  title        = {R: A Language and Environment for Statistical Computing},
  author       = {{R Core Team}},
  organization = {R Foundation for Statistical Computing},
  address      = {Vienna, Austria},
  year         = {2024},
  url          = {https://www.R-project.org/}
}

@manual{RStudio,
  title        = {RStudio: Integrated Development Environment for R},
  author       = {{RStudio Team}},
  organization = {Posit, PBC},
  address      = {Boston, MA},
  year         = {2024},
  url          = {https://posit.co}
}

@manual{VSCode,
  title        = {Visual Studio Code},
  author       = {{Visual Studio Code Team}},
  organization = {Microsoft},
  year         = {2024},
  url          = {https://code.visualstudio.com/}
}
