@misc{github_repo,
    author = {Axelle Penture},
    title = {Analyse des divinités dans les Métamorphoses d'Ovide},
    howpublished = {\url{https://github.com/pax3l/m2_ovid_deities_analysis_for_quarto}},
    year = {2025},
    note = {Dernière mise à jour : \today}
}

@misc{scaife_viewer,
    author = {The Perseus Digital Library},
    title = {Scaife Viewer},
    howpublished = {\url{https://scaife.perseus.org/reader/urn:cts:latinLit:phi0630.phi001.perseus-lat1/}},
    year = {2025},
    note = {Version en ligne}
}
