
@book{vial_metamorphose_2021,
	location = {Paris},
	title = {La métamorphose dans les Métamorphoses d’Ovide : Étude sur l’art de la variation},
	rights = {https://www.openedition.org/12554},
	isbn = {978-2-251-91466-4},
	url = {http://books.openedition.org/lesbelleslettres/9234},
	series = {Études Anciennes},
	shorttitle = {La métamorphose dans les Métamorphoses d’Ovide},
	abstract = {Telle la facies non omnibus una, non diuersa tamen des Néréides (Mét., {II}, 13-14), l’écriture poétique des passages consacrés par Ovide à la métamorphose dans les Métamorphoses se caractérise par un équilibre subtil entre similitudes et dissemblances : ce qui semble devoir être toujours le même récit (celui du miracle de la transformation des corps, sujet unique et total annoncé dès les premiers vers et vertigineusement décliné jusqu’au uiuam final) n’est pourtant jamais semblable, tant l’art de la variation déploie de ressources, transformant chaque nouvelle évocation de la mutata forma en une expérience d’écriture et de lecture absolument singulière. C’est sur ces deux réalités poétiques jumelles, la métamorphose et la variatio, que porte la présente étude, attachée tout à la fois à en décrire les ressorts respectifs, à définir la nature du lien organique qui, au fil des vers, se noue entre elles et à analyser le rapport entre cette alliance et la conception ovidienne de l’écriture.},
	pagetotal = {528},
	publisher = {Les Belles Lettres},
	author = {Vial, Hélène},
	urldate = {2023-10-22},
	date = {2021-03-16},
	langid = {french},
	doi = {10.4000/books.lesbelleslettres.9234},
	note = {Code: La métamorphose dans les Métamorphoses d’Ovide : Étude sur l’art de la variation
Publication Title: La métamorphose dans les Métamorphoses d’Ovide : Étude sur l’art de la variation
Reporter: La métamorphose dans les Métamorphoses d’Ovide : Étude sur l’art de la variation
Series Title: Études Anciennes},
	keywords = {allégorie, animaux, divinités, interprétation, légende des origines, mythologie, notion},
}

@article{ripoll_helene_2012,
	title = {Hélène Vial, La métamorphose dans les Métamorphoses d’Ovide. Étude sur l’art de la variation},
	rights = {https://creativecommons.org/licenses/by-nc-nd/4.0/},
	issn = {0031-0387},
	url = {https://journals.openedition.org/pallas/2616},
	doi = {10.4000/pallas.2616},
	abstract = {Aussi paradoxal que cela puisse paraître, ce qui est le sujet central des Métamorphoses d’Ovide, le phénomène de la métamorphose elle-même, n’avait fait l’objet jusqu’ici d’aucune étude d’ensemble, mais seulement de publications dispersées sous forme d’articles ou de chapitres d’ouvrages plus généraux. H. Vial a donc eu le courage de prendre à bras-le-corps ce problème central, et de produire une étude qui ne soit pas la simple compilation des travaux antérieurs, même si la prise en compte d’...},
	pages = {248--250},
	number = {88},
	journaltitle = {Pallas. Revue d'études antiques},
	author = {Ripoll, François},
	urldate = {2023-10-22},
	date = {2012-05-15},
	langid = {french},
	note = {{ISBN}: 9782810702183
Number: 88
Publisher: Presses universitaires du Mirail},
	keywords = {notion},
	file = {Full Text PDF:/Users/axelle/Zotero/storage/AJ9VE8T3/Ripoll - 2012 - Hélène Vial, La métamorphose dans les Métamorphose.pdf:application/pdf},
}

@thesis{tronchet_metamorphose_1997,
	title = {La métamorphose à l'œuvre : recherches sur la poétique d'Ovide dans "les Métamorphoses"},
	rights = {Licence Etalab},
	url = {https://www.theses.fr/1997REIML002},
	shorttitle = {La métamorphose à l'œuvre},
	abstract = {Le projet d’Ovide, en écrivant les Métamorphoses, était d'agencer en un récit continu une foule d'histoires mythiques, centrées sur une ou plusieurs transformations surnaturelles. Le poète a construit avec soin cette chaine d'évènements pour aboutir a une fiction qui mène de la naissance de l'univers jusqu'a sa propre époque. En même temps, il exhibe sans cesse la part de jeu que comporte son entreprise, manifestant avec humour les procédés auxquels il a eu recours. La recherche consiste a décrire précisément cette démarche, en utilisant des instruments d'analyse modernes, comme ceux de la narratologie. Cela permet d'envisager les rapports entre la construction narrative des métamorphoses et les multiples similitudes qui créent tout un réseau de correspondances a travers le poème et déterminent une logique différente, échappant a la linéarité du récit. Pour atteindre ces objectifs, cinq étapes se succèdent : - les modèles poétiques dont Ovide s'inspire ou se démarque pour édifier un récit qui commence a la création du monde et s'achève sous le règne d'auguste. - les ressources thématiques et narratives mobilisées pour donner une impression de durée, de successivité, a une suite de légendes souvent dépourvues de liens préalables. - la découpe et l'économie du récit, depuis la définition des unités de base jusqu'aux regroupements narratifs les plus vastes qui en structurent le déroulement global. - la cohésion de l'ensemble avec le rôle joue par les transitions entre les diverses parties et l'explication des ruptures apparentes qui surgissent dans l'enchainement. - le réseau des corrélations thématiques et littérales entre les épisodes, aptes a susciter d'innombrables effets de sens, indépendamment du contexte narratif.},
	institution = {Reims},
	type = {These de doctorat},
	author = {Tronchet, Gilles},
	editora = {Néraudau, Jean-Pierre},
	editoratype = {collaborator},
	urldate = {2023-11-25},
	date = {1997-01-01},
	keywords = {Intertextualité, Mise en abyme (littérature), Mythologie romaine, notion, Ovide (0043 av. J.-C.-0017) -- Poésie, Ovide (0043 av. J.-C.-0017). Les métamorphoses},
}

@article{frontisi-ducroux_invention_2009,
	title = {L'invention de la métamorphose:},
	volume = {n° 64},
	issn = {1144-0821},
	url = {https://www.cairn.info/revue-rue-descartes-2009-2-page-8.htm?ref=doi},
	doi = {10.3917/rdes.064.0008},
	shorttitle = {L'invention de la métamorphose},
	pages = {8--22},
	number = {2},
	journaltitle = {Rue Descartes},
	author = {Frontisi-Ducroux, Françoise},
	urldate = {2024-10-18},
	date = {2009-06-01},
	langid = {french},
	keywords = {notion},
	file = {Frontisi-Ducroux - 2009 - L'invention de la métamorphose.pdf:/Users/axelle/Zotero/storage/C8PBN287/Frontisi-Ducroux - 2009 - L'invention de la métamorphose.pdf:application/pdf},
}

@article{fay_a_nodate,
	title = {À {PROPOS} {DES} {MÉTAMORPHOSES} D’{OVIDE}},
	number = {106},
	author = {Fay, Pénélope},
	langid = {french},
	keywords = {notion},
	file = {Fay - À PROPOS DES MÉTAMORPHOSES D’OVIDE.pdf:/Users/axelle/Zotero/storage/LLGQ5876/Fay - À PROPOS DES MÉTAMORPHOSES D’OVIDE.pdf:application/pdf},
}

@collection{rosati_commentary_2024,
	location = {Cambridge},
	title = {A Commentary on Ovid's Metamorphoses: Volume 1: General Introduction and Books 1-6},
	volume = {1},
	isbn = {978-0-521-89579-8},
	url = {https://www.cambridge.org/core/books/commentary-on-ovids-metamorphoses/BA388C6830EEC5FCE3EF535A2846BE51},
	shorttitle = {A Commentary on Ovid's Metamorphoses},
	abstract = {Comprising fifteen books and over two hundred and fifty myths, Ovid's Metamorphoses is one of the longest extant Latin poems from the ancient world and one of the most influential works in Western culture. It is an epic on desire and transgression that became a gateway to the entire world of pagan mythology and visual imagination. This, the first complete commentary in English, covers all aspects of the text – from textual interpretation to poetics, imagination, and ideology – and will be useful as a teaching aid and an orientation for those who are interested in the text and its reception. Historically, the poem's audience includes readers interested in opera and ballet, psychology and sexuality, myth and painting, feminism and posthumanism, vegetarianism and metempsychosis (to name just a few outside the area of Classical Studies).},
	publisher = {Cambridge University Press},
	editor = {Rosati, Gianpiero},
	urldate = {2025-01-11},
	date = {2024},
	doi = {10.1017/9781139047272},
	keywords = {notion},
}

@collection{kenney_commentary_2024,
	location = {Cambridge},
	title = {A Commentary on Ovid's Metamorphoses: Volume 2: Books 7-12},
	volume = {2},
	isbn = {978-0-521-89580-4},
	url = {https://www.cambridge.org/core/books/commentary-on-ovids-metamorphoses/8E67F1CAE0F75057B451CFC0DFD46CAC},
	shorttitle = {A Commentary on Ovid's Metamorphoses},
	abstract = {Comprising fifteen books and over two hundred and fifty myths, Ovid's Metamorphoses is one of the longest extant Latin poems from the ancient world and one of the most influential works in Western culture. It is an epic on desire and transgression that became a gateway to the entire world of pagan mythology and visual imagination. This, the first complete commentary in English, covers all aspects of the text – from textual interpretation to poetics, imagination, and ideology – and will be useful as a teaching aid and an orientation for those who are interested in the text and its reception. Historically, the poem's audience includes readers interested in opera and ballet, psychology and sexuality, myth and painting, feminism and posthumanism, vegetarianism and metempsychosis (to name just a few outside the area of Classical Studies).},
	publisher = {Cambridge University Press},
	editor = {Kenney, E. J. and Reed, Joseph D.},
	urldate = {2025-01-11},
	date = {2024},
	doi = {10.1017/9781139021586},
	keywords = {notion},
}

@collection{hardie_commentary_2024,
	location = {Cambridge},
	title = {A Commentary on Ovid's Metamorphoses: Volume 3: Books 13–15 and Indices},
	volume = {3},
	isbn = {978-0-521-89581-1},
	url = {https://www.cambridge.org/core/books/commentary-on-ovids-metamorphoses/7A4431406B9F5420163A4F2BA5B6F9F5},
	shorttitle = {A Commentary on Ovid's Metamorphoses},
	abstract = {Comprising fifteen books and over two hundred and fifty myths, Ovid's Metamorphoses is one of the longest extant Latin poems from the ancient world and one of the most influential works in Western culture. It is an epic on desire and transgression that became a gateway to the entire world of pagan mythology and visual imagination. This, the first complete commentary in English, covers all aspects of the text – from textual interpretation to poetics, imagination, and ideology – and will be useful as a teaching aid and an orientation for those who are interested in the text and its reception. Historically, the poem's audience includes readers interested in opera and ballet, psychology and sexuality, myth and painting, feminism and posthumanism, vegetarianism and metempsychosis (to name just a few outside the area of Classical Studies).},
	publisher = {Cambridge University Press},
	editor = {Hardie, Phillip},
	urldate = {2025-01-11},
	date = {2024},
	doi = {10.1017/9781139017213},
	keywords = {notion},
	file = {Snapshot:/Users/axelle/Zotero/storage/5G57CJVI/7A4431406B9F5420163A4F2BA5B6F9F5.html:text/html},
}

@article{anderson_multiple_1963,
	title = {Multiple Change in the Metamorphoses},
	volume = {94},
	issn = {0065-9711},
	url = {https://www.jstor.org/stable/283631},
	doi = {10.2307/283631},
	pages = {1--27},
	journaltitle = {Transactions and Proceedings of the American Philological Association},
	author = {Anderson, William S.},
	urldate = {2025-01-11},
	date = {1963},
	note = {Publisher: [Johns Hopkins University Press, American Philological Association]},
	keywords = {notion},
	file = {JSTOR Full Text PDF:/Users/axelle/Zotero/storage/XUNA88R6/Anderson - 1963 - Multiple Change in the Metamorphoses.pdf:application/pdf},
}

@article{bakhouche_larchitecture_2019,
	title = {L’architecture des \textit{Métamorphoses} d’Ovide},
	volume = {71},
	issn = {0017-0461, 2507-0401},
	url = {https://www.brepolsonline.net/doi/10.1484/J.GIF.5.118468},
	doi = {10.1484/J.GIF.5.118468},
	pages = {235--280},
	journaltitle = {Giornale Italiano di Filologia},
	shortjournal = {Giornale Italiano di Filologia},
	author = {Bakhouche, Béatrice},
	urldate = {2025-01-21},
	date = {2019-01},
	langid = {french},
	keywords = {notion},
	file = {Bakhouche - 2019 - L’architecture des Métamorphoses d’Ovide.pdf:/Users/axelle/Zotero/storage/RXTQ4NDE/Bakhouche - 2019 - L’architecture des Métamorphoses d’Ovide.pdf:application/pdf},
}

@article{delbey_pouvoir_2011,
	title = {Pouvoir de la métamorphose et métamorphose du pouvoir dans le Livre {XIV} des Métamorphoses d’Ovide},
	volume = {183},
	issn = {0042-7306},
	url = {https://www.persee.fr/doc/vita_0042-7306_2011_num_183_1_1717},
	doi = {10.3406/vita.2011.1717},
	abstract = {We think that it is not sufficient to say that the {XIV} Book of Ovid’s Metamorphoses belongs to a whole (book {XI} to book {XV}) which is different from the anterior books because there are references to the war of Troy and to the history of Rome, culmination of metamorphoses. So we interpret the {XIV} Book as a different representation of the power : passage of the malevolent power of Circe to the power of the king Romulus whose apotheosis shows the positive aspects.},
	pages = {142--149},
	number = {1},
	journaltitle = {Vita Latina},
	shortjournal = {vita},
	author = {Delbey, Évrard},
	urldate = {2025-03-31},
	date = {2011},
	langid = {french},
	keywords = {notion},
	file = {Delbey - 2011 - Pouvoir de la métamorphose et métamorphose du pouv.pdf:/Users/axelle/Zotero/storage/3URPMJTZ/Delbey - 2011 - Pouvoir de la métamorphose et métamorphose du pouv.pdf:application/pdf},
}

@article{lafaye_georges_metamorphoses_nodate,
	title = {Les métamorphoses d'Ovide et leurs modèles grecs},
	series = {Georg Olms Verlag},
	journaltitle = {1971},
	author = {Lafaye, Georges},
	langid = {english},
	keywords = {notion},
	file = {Les métamorphoses d'Ovide et leurs modèles grecs.pdf:/Users/axelle/Zotero/storage/DRU2EPZW/Les métamorphoses d'Ovide et leurs modèles grecs.pdf:application/pdf},
}

@article{mathieu-colas_dictionnaire_nodate,
	title = {Dictionnaire des noms de divinités},
	author = {Mathieu-Colas, Michel},
	langid = {french},
	keywords = {notion},
	file = {Mathieu-Colas - Dictionnaire des noms de divinités.pdf:/Users/axelle/Zotero/storage/G5FP8GSB/Mathieu-Colas - Dictionnaire des noms de divinités.pdf:application/pdf},
}

@article{segal_jupiter_2025,
	title = {Jupiter in Ovid's "Metamorphoses"},
	author = {Segal, Charles},
	date = {2025},
	langid = {english},
	keywords = {notion},
	file = {Segal - 2025 - Jupiter in Ovid's Metamorphoses.pdf:/Users/axelle/Zotero/storage/YKVMKSB8/Segal - 2025 - Jupiter in Ovid's Metamorphoses.pdf:application/pdf},
}

@article{segal_ovids_2025,
	title = {Ovid's Metamorphic Bodies: Art, Gender, and Violence in the "Metamorphoses"},
	author = {Segal, Charles},
	date = {2025},
	langid = {english},
	keywords = {notion},
	file = {Segal - 2025 - Ovid's Metamorphic Bodies Art, Gender, and Violen.pdf:/Users/axelle/Zotero/storage/EJRJLJQW/Segal - 2025 - Ovid's Metamorphic Bodies Art, Gender, and Violen.pdf:application/pdf},
}
