@book{ovid_metamorphoses_t1,
    author = {Ovide, Georges Lafaye},
    title = {Les Métamorphoses. Tome I : Livres I-V},
    publisher = {Les Belles Lettres},
    year = {2021},
    volume = {1},
    number = {28},
    isbn = {978-2-251-01122-6}
}

@book{ovid_metamorphoses_t2,
    author = {Ovide, Georges Lafaye},
    title = {Les Métamorphoses. Tome II : Livres VI-X},
    publisher = {Les Belles Lettres},
    year = {2024},
    volume = {2},
    number = {47},
    isbn = {978-2-251-01123-3}
}

@book{ovid_metamorphoses_t3,
    author = {Ovide, Henri Le Bonniec, Georges Lafaye},
    title = {Les Métamorphoses. Tome III : Livres XI-XV},
    publisher = {Les Belles Lettres},
    year = {2021},
    volume = {3},
    number = {58},
    isbn = {978-2-251-01124-0}
}

@book{ovid_metamorphoses_poche,
    author = {Ovide, Olivier Sers},
    title = {Les Métamorphoses},
    year = {2022},
    publisher = {Les Belles Lettres},
    isbn = {978-2-251-44892-3}
}

@book{ovid_metamorphoses_cosnay,
    author = {Ovide, Pierre Judet de la Combe, Marie Cosnay},
    title = {Les Métamorphoses},
    year = {2017},
    publisher = {Éditions de l'Ogre},
    isbn = {979-10-93606-99-6}
}